<?xml version="1.0" ?><OAI-PMH xmlns="http://www.openarchives.org/OAI/2.0/" xmlns:xsi="http://www.w3.org/2001/XMLSchema-instance" xsi:schemaLocation="http://www.openarchives.org/OAI/2.0/ http://www.openarchives.org/OAI/2.0/OAI-PMH.xsd">
  <responseDate>2024-11-20T18:26:32Z</responseDate>
  <request resumptionToken="1900-01-01@all@UNIGE_ALL@marc21@5986578760005502" verb="ListRecords">https://slsp-unige.alma.exlibrisgroup.com/view/oai/41SLSP_UGE/request</request>
<ListRecords><record><header><identifier>oai:alma.41SLSP_UGE:991000772849705502</identifier><datestamp>2023-10-08T04:44:51Z</datestamp><setSpec>uge_bcen_RapidILL_BOOK</setSpec><setSpec>uge_aaca_RapidILL_BOOK</setSpec><setSpec>uge_abels_RapidILL_BOOK</setSpec><setSpec>uge_dbu_RapidILL_BOOK</setSpec><setSpec>uge_cmu_RapidILL_BOOK</setSpec><setSpec>uge_mail_RapidILL_BOOK</setSpec><setSpec>UNIGE_ALL</setSpec><setSpec>uge_abbat_RapidILL_BOOK</setSpec><setSpec>uge_aobs_RapidILL_BOOK</setSpec><setSpec>uge_acar_RapidILL_BOOK</setSpec></header><metadata>
<record xmlns="http://www.loc.gov/MARC21/slim" xmlns:xsi="http://www.w3.org/2001/XMLSchema-instance" xsi:schemaLocation="http://www.loc.gov/MARC21/slim http://www.loc.gov/standards/marcxml/schema/MARC21slim.xsd"><leader>01943nam a2200421 c 4500</leader><controlfield tag="001">991000772849705502</controlfield><controlfield tag="005">20230213204151.0</controlfield><controlfield tag="008">201012s1991    be ||||| |||| 00| ||fre d</controlfield><datafield ind1=" " ind2=" " tag="020"><subfield code="a">9282620492</subfield></datafield><datafield ind1=" " ind2=" " tag="027"><subfield code="a">Contrat no. XVII.706/Etd.89-22</subfield></datafield><datafield ind1=" " ind2=" " tag="035"><subfield code="a">(swissbib)241154413-41slsp_network</subfield></datafield><datafield ind1=" " ind2=" " tag="035"><subfield code="a">241154413</subfield><subfield code="9">ExL</subfield></datafield><datafield ind1=" " ind2=" " tag="035"><subfield code="a">(RERO)1554647-41slsp</subfield></datafield><datafield ind1=" " ind2=" " tag="035"><subfield code="a">(NEBIS)000599412EBI01</subfield></datafield><datafield ind1=" " ind2=" " tag="035"><subfield code="a">(EXLNZ-41SLSP_NETWORK)991043188289705501</subfield></datafield><datafield ind1=" " ind2=" " tag="040"><subfield code="a">RERO geucue</subfield><subfield code="d">CH-ZuSLS</subfield></datafield><datafield ind1=" " ind2="7" tag="072"><subfield code="a">py</subfield><subfield code="2">rero</subfield></datafield><datafield ind1="1" ind2=" " tag="100"><subfield code="a">Girod, Jacques</subfield><subfield code="c">auteur en économie de l'énergie</subfield><subfield code="d">1940-....</subfield><subfield code="0">(IDREF)031695701</subfield><subfield code="4">cre</subfield></datafield><datafield ind1="1" ind2="0" tag="245"><subfield code="a">&lt;&lt;Le&gt;&gt; diagnostic du système énergétique dans les pays en développement</subfield><subfield code="c">J. Girod ; publ. par la Commission des Communautés européennes, Direction générale énergie</subfield></datafield><datafield ind1=" " ind2="1" tag="264"><subfield code="a">Luxembourg</subfield><subfield code="b">Office des publications officielles des Communautés européennes</subfield><subfield code="c">1991</subfield></datafield><datafield ind1=" " ind2=" " tag="300"><subfield code="a">IX, 276 p.</subfield><subfield code="c">ill.</subfield><subfield code="b">23 cm</subfield></datafield><datafield ind1=" " ind2=" " tag="336"><subfield code="b">txt</subfield><subfield code="2">rdacontent</subfield></datafield><datafield ind1=" " ind2=" " tag="337"><subfield code="b">n</subfield><subfield code="2">rdamedia</subfield></datafield><datafield ind1=" " ind2=" " tag="338"><subfield code="b">nc</subfield><subfield code="2">rdacarrier</subfield></datafield><datafield ind1="1" ind2=" " tag="490"><subfield code="a">Série énergie</subfield></datafield><datafield ind1="1" ind2=" " tag="490"><subfield code="a">EUR</subfield><subfield code="v">13068 FR</subfield></datafield><datafield ind1=" " ind2=" " tag="500"><subfield code="a">Rapport EUR 13068 FR</subfield></datafield><datafield ind1=" " ind2=" " tag="500"><subfield code="a">La couv. porte : Programme de coopération sur l'énergie et le développement (COPED)</subfield></datafield><datafield ind1=" " ind2=" " tag="500"><subfield code="a">Hrsg. auf dem Umschlag: Commission des Communautés Européennes, Programme de Coopération sur l'Energie et le Développement (COPED)</subfield></datafield><datafield ind1=" " ind2="7" tag="650"><subfield code="a">Énergie</subfield><subfield code="0">(IDREF)027226271</subfield><subfield code="2">idref</subfield></datafield><datafield ind1=" " ind2="7" tag="650"><subfield code="a">ENERGIETECHNIK</subfield><subfield code="9">ger</subfield><subfield code="0">(ETHUDK)000027789</subfield><subfield code="2">ethudk</subfield></datafield><datafield ind1=" " ind2="7" tag="650"><subfield code="a">ENTWICKLUNGSLÄNDER</subfield><subfield code="9">ger</subfield><subfield code="0">(ETHUDK)000000159</subfield><subfield code="2">ethudk</subfield></datafield><datafield ind1=" " ind2="7" tag="651"><subfield code="a">Pays en voie de développement</subfield><subfield code="0">(IDREF)027407918</subfield><subfield code="2">idref</subfield></datafield><datafield ind1="1" ind2=" " tag="700"><subfield code="a">Girod, J.</subfield></datafield><datafield ind1="2" ind2=" " tag="710"><subfield code="a">Europäische Kommission</subfield><subfield code="b">Cooperative Programme on Energy and Development</subfield><subfield code="0">(DE-588)1087213509</subfield></datafield><datafield ind1="2" ind2=" " tag="710"><subfield code="a">Communautés européennes</subfield><subfield code="b">Direction générale de l'énergie</subfield><subfield code="0">(IDREF)027899632</subfield></datafield><datafield ind1=" " ind2=" " tag="830"><subfield code="a">EUR</subfield><subfield code="v">13068</subfield><subfield code="w">(NEBIS)000022015EBI01</subfield></datafield><datafield ind1=" " ind2=" " tag="830"><subfield code="a">Energy / Commission of the European Communities</subfield><subfield code="w">(RERO)1554614-41slsp</subfield></datafield><datafield ind1=" " ind2=" " tag="900"><subfield code="a">REROnoselfmerge</subfield></datafield></record>
</metadata></record>