<record><header><identifier>oai:alma.41SLSP_UGE:991000773579705502</identifier><datestamp>2024-06-16T00:17:52Z</datestamp><setSpec>uge_bcen_RapidILL_BOOK</setSpec><setSpec>uge_aaca_RapidILL_BOOK</setSpec><setSpec>uge_abels_RapidILL_BOOK</setSpec><setSpec>uge_dbu_RapidILL_BOOK</setSpec><setSpec>uge_cmu_RapidILL_BOOK</setSpec><setSpec>uge_mail_RapidILL_BOOK</setSpec><setSpec>uge_abbat_RapidILL_BOOK</setSpec><setSpec>UNIGE_ALL</setSpec><setSpec>uge_acar_RapidILL_BOOK</setSpec><setSpec>uge_aobs_RapidILL_BOOK</setSpec></header><metadata>
<record xmlns="http://www.loc.gov/MARC21/slim" xmlns:xsi="http://www.w3.org/2001/XMLSchema-instance" xsi:schemaLocation="http://www.loc.gov/MARC21/slim http://www.loc.gov/standards/marcxml/schema/MARC21slim.xsd"><leader>02059nam a2200349 c 4500</leader><controlfield tag="001">991000773579705502</controlfield><controlfield tag="005">20240314001600.0</controlfield><controlfield tag="008">980728s1615    sz ||||| |||| 00| ||lat d</controlfield><datafield ind1=" " ind2=" " tag="035"><subfield code="a">(swissbib)093473745-41slsp_network</subfield></datafield><datafield ind1=" " ind2=" " tag="035"><subfield code="a">093473745</subfield><subfield code="9">ExL</subfield></datafield><datafield ind1=" " ind2=" " tag="035"><subfield code="a">(RERO)R233717460-41slsp</subfield></datafield><datafield ind1=" " ind2=" " tag="035"><subfield code="a">(EXLNZ-41SLSP_NETWORK)991140686269705501</subfield></datafield><datafield ind1=" " ind2=" " tag="040"><subfield code="a">RERO gevbpu</subfield><subfield code="d">CH-ZuSLS</subfield></datafield><datafield ind1=" " ind2="7" tag="072"><subfield code="a">dr</subfield><subfield code="2">rero</subfield></datafield><datafield ind1=" " ind2=" " tag="084"><subfield code="a">233.D</subfield><subfield code="2">brp</subfield></datafield><datafield ind1=" " ind2=" " tag="084"><subfield code="a">ED 28.1 h</subfield><subfield code="2">cjurrom</subfield></datafield><datafield ind1="0" ind2="0" tag="245"><subfield code="a">Corpus juris civilis</subfield><subfield code="b">in quinque partes distinctum... ; his accesserunt notae repetitae, tertiae, quartaeque praelectionis, Dionysio Gothofredo I.C. authore, quibus, inter caetera, variae lectiones, leges similes, contrariae, abrogatae, verborum, legumque difficilium interpretationes, selectae repetitiones, argumenta, compendia, atque epitomata, anni singulis codicibus additi, continentur ; his additae sunt Institutionum, Novellarum Iustiniani, Leonis et feudorum epitomae ad ordinem edicti perpetui compositae, eodem auctore</subfield></datafield><datafield ind1="1" ind2=" " tag="246"><subfield code="a">Codicis Justiniani D.N. sacratissimi principis PP. Aug. repetitae praelectionis libri XII, notis Dionysii Gothofredi I.C. illustrati</subfield></datafield><datafield ind1=" " ind2=" " tag="250"><subfield code="a">Postrema editio prioribus auctior et emendatior</subfield></datafield><datafield ind1=" " ind2="1" tag="264"><subfield code="a">Coloniae Allobrogum</subfield><subfield code="b">apud Johannem Vignon</subfield><subfield code="c">1615</subfield></datafield><datafield ind1=" " ind2=" " tag="300"><subfield code="a">5 t. en 2 vol. ([16] p., 95 col., [14] p., 1974 col.)([19] p., 880 col., [12], 702 col., [49] p.)</subfield><subfield code="c">folio (38 cm)</subfield></datafield><datafield ind1=" " ind2=" " tag="336"><subfield code="b">txt</subfield><subfield code="2">rdacontent</subfield></datafield><datafield ind1=" " ind2=" " tag="337"><subfield code="b">n</subfield><subfield code="2">rdamedia</subfield></datafield><datafield ind1=" " ind2=" " tag="338"><subfield code="b">nc</subfield><subfield code="2">rdacarrier</subfield></datafield><datafield ind1=" " ind2=" " tag="500"><subfield code="a">Titre du vol. 2: Codicis Justiniani D.N. sacratissimi principis PP. Aug. repetitae praelectionis libri XII, notis Dionysii Gothofredi I.C. illustrati</subfield></datafield><datafield ind1=" " ind2=" " tag="500"><subfield code="a">Avec une p. de titre séparée pour chaque tome</subfield></datafield><datafield ind1=" " ind2=" " tag="500"><subfield code="a">Empreinte 3.um ilus c-n~e tino (3) M.DC.XV. (vol. 1)</subfield></datafield><datafield ind1=" " ind2=" " tag="500"><subfield code="a">Empreinte I.bi 4.is a-&lt;a&gt;. hach (3) M.DC.XV. (vol. 2)</subfield></datafield><datafield ind1="1" ind2=" " tag="700"><subfield code="a">Godefroy, Denys</subfield><subfield code="d">1549-1622</subfield><subfield code="0">(IDREF)030177901</subfield></datafield><datafield ind1="1" ind2=" " tag="700"><subfield code="a">Vignon, Jean</subfield><subfield code="d">1576-1622?</subfield><subfield code="0">(IDREF)139828648</subfield><subfield code="4">prt</subfield></datafield><datafield ind1="0" ind2=" " tag="730"><subfield code="a">Corpus juris civilis</subfield><subfield code="l">Latin</subfield></datafield><datafield ind1=" " ind2=" " tag="751"><subfield code="a">Genève (Genève, Suisse)</subfield><subfield code="4">pup</subfield><subfield code="0">(IDREF)02726453X</subfield></datafield><datafield ind1=" " ind2=" " tag="900"><subfield code="a">REROswissbibnomerge</subfield></datafield></record>
</metadata></record>