<record><header><identifier>oai:alma.41SLSP_UGE:991000773369705502</identifier><datestamp>2023-03-01T01:10:18Z</datestamp><setSpec>uge_bcen_RapidILL_BOOK</setSpec><setSpec>uge_aaca_RapidILL_BOOK</setSpec><setSpec>uge_abels_RapidILL_BOOK</setSpec><setSpec>uge_dbu_RapidILL_BOOK</setSpec><setSpec>uge_cmu_RapidILL_BOOK</setSpec><setSpec>uge_mail_RapidILL_BOOK</setSpec><setSpec>UNIGE_ALL</setSpec><setSpec>uge_abbat_RapidILL_BOOK</setSpec><setSpec>uge_acar_RapidILL_BOOK</setSpec><setSpec>uge_aobs_RapidILL_BOOK</setSpec></header><metadata>
<record xmlns="http://www.loc.gov/MARC21/slim" xmlns:xsi="http://www.w3.org/2001/XMLSchema-instance" xsi:schemaLocation="http://www.loc.gov/MARC21/slim http://www.loc.gov/standards/marcxml/schema/MARC21slim.xsd"><leader>03084nam a2200757 c 4500</leader><controlfield tag="001">991000773369705502</controlfield><controlfield tag="005">20230220194358.0</controlfield><controlfield tag="008">201012s2002    it ||||| |||| 00| ||ita d</controlfield><datafield ind1=" " ind2=" " tag="020"><subfield code="a">8832346044</subfield><subfield code="c">45.00 EUR.</subfield></datafield><datafield ind1=" " ind2=" " tag="035"><subfield code="a">(swissbib)238319652-41slsp_network</subfield></datafield><datafield ind1=" " ind2=" " tag="035"><subfield code="a">238319652</subfield><subfield code="9">ExL</subfield></datafield><datafield ind1=" " ind2=" " tag="035"><subfield code="a">(RERO)R003385577-41slsp</subfield></datafield><datafield ind1=" " ind2=" " tag="035"><subfield code="a">(NEBIS)004511844EBI01</subfield></datafield><datafield ind1=" " ind2=" " tag="035"><subfield code="a">(IDSBB)002741356DSV01</subfield></datafield><datafield ind1=" " ind2=" " tag="035"><subfield code="a">(EXLNZ-41SLSP_NETWORK)991121189499705501</subfield></datafield><datafield ind1=" " ind2=" " tag="040"><subfield code="a">RERO geulsa</subfield><subfield code="d">CH-ZuSLS</subfield></datafield><datafield ind1=" " ind2=" " tag="050"><subfield code="a">DG</subfield></datafield><datafield ind1=" " ind2="7" tag="072"><subfield code="a">ar</subfield><subfield code="2">rero</subfield></datafield><datafield ind1=" " ind2="7" tag="072"><subfield code="a">ha</subfield><subfield code="2">rero</subfield></datafield><datafield ind1=" " ind2="7" tag="072"><subfield code="a">ar</subfield><subfield code="2">SzZuIDS BS/BE</subfield></datafield><datafield ind1="0" ind2="0" tag="082"><subfield code="a">945/.632</subfield><subfield code="2">22</subfield></datafield><datafield ind1="0" ind2="4" tag="082"><subfield code="a">937</subfield></datafield><datafield ind1="1" ind2="4" tag="082"><subfield code="a">930</subfield><subfield code="2">15</subfield></datafield><datafield ind1="1" ind2="4" tag="082"><subfield code="a">937</subfield></datafield><datafield ind1=" " ind2=" " tag="084"><subfield code="a">LF 1934</subfield><subfield code="2">rvk</subfield></datafield><datafield ind1="0" ind2="0" tag="245"><subfield code="a">Cerveteri</subfield><subfield code="b">importazioni e contesti nelle necropoli : una lettura sperimentale di alcune tombe nelle civiche raccolte archeologiche e numismatiche di Milano</subfield><subfield code="c">a cura di Giovanna Bagnasco Gianni</subfield></datafield><datafield ind1=" " ind2="1" tag="264"><subfield code="a">Milano</subfield><subfield code="b">Cisalpino Istituto editoriale universitario</subfield><subfield code="c">2002</subfield></datafield><datafield ind1=" " ind2=" " tag="300"><subfield code="a">XXII, 678 p., XXXII p. de pl.</subfield><subfield code="b">ill.</subfield><subfield code="c">24 cm</subfield></datafield><datafield ind1=" " ind2=" " tag="336"><subfield code="b">txt</subfield><subfield code="2">rdacontent</subfield></datafield><datafield ind1=" " ind2=" " tag="337"><subfield code="b">n</subfield><subfield code="2">rdamedia</subfield></datafield><datafield ind1=" " ind2=" " tag="338"><subfield code="b">nc</subfield><subfield code="2">rdacarrier</subfield></datafield><datafield ind1="1" ind2=" " tag="490"><subfield code="a">Quaderni di Acme</subfield><subfield code="v">52</subfield></datafield><datafield ind1=" " ind2=" " tag="500"><subfield code="a">En tête du titre : Dipartimento di scienze dell'antichità, sezione di archeologia</subfield></datafield><datafield ind1="2" ind2="7" tag="610"><subfield code="a">Civiche Raccolte Archeologiche e Numismatiche di Milano</subfield><subfield code="2">idszbz</subfield></datafield><datafield ind1="2" ind2="0" tag="610"><subfield code="a">Civiche raccolte archeologiche e numismatiche di Milano</subfield><subfield code="v">Catalogs</subfield></datafield><datafield ind1="2" ind2="0" tag="610"><subfield code="a">Civiche raccolte archeologiche e nusmismatiche di Milano</subfield></datafield><datafield ind1=" " ind2="7" tag="650"><subfield code="a">Archéologie</subfield><subfield code="0">(IDREF)02726971X</subfield><subfield code="2">idref</subfield></datafield><datafield ind1=" " ind2="7" tag="650"><subfield code="a">fouilles</subfield><subfield code="0">(RERO)A010084814</subfield><subfield code="2">rerovoc</subfield></datafield><datafield ind1=" " ind2="7" tag="650"><subfield code="a">Cimetières</subfield><subfield code="0">(IDREF)027321614</subfield><subfield code="2">idref</subfield></datafield><datafield ind1=" " ind2="7" tag="650"><subfield code="a">Mobilier funéraire étrusque</subfield><subfield code="0">(RERO)A027726744</subfield><subfield code="2">rero</subfield></datafield><datafield ind1=" " ind2="7" tag="650"><subfield code="a">Funde</subfield><subfield code="2">idszbz</subfield></datafield><datafield ind1=" " ind2="7" tag="650"><subfield code="a">Grab</subfield><subfield code="2">idszbz</subfield></datafield><datafield ind1=" " ind2="7" tag="650"><subfield code="a">Keramik</subfield><subfield code="2">idszbz</subfield></datafield><datafield ind1=" " ind2="7" tag="650"><subfield code="a">Etrusker</subfield><subfield code="2">idszbz</subfield></datafield><datafield ind1=" " ind2="7" tag="650"><subfield code="a">Gräberfeld</subfield><subfield code="0">(DE-588)4071980-7</subfield><subfield code="2">gnd</subfield></datafield><datafield ind1=" " ind2="0" tag="650"><subfield code="a">Pottery, Ancient</subfield><subfield code="z">Italy</subfield><subfield code="z">Cerveteri</subfield></datafield><datafield ind1=" " ind2="0" tag="650"><subfield code="a">Pottery, Classical</subfield><subfield code="z">Italy</subfield><subfield code="z">Cerveteri</subfield></datafield><datafield ind1=" " ind2="0" tag="650"><subfield code="a">Tombs</subfield><subfield code="z">Italy</subfield><subfield code="z">Cerveteri</subfield></datafield><datafield ind1=" " ind2="0" tag="650"><subfield code="a">Tombs</subfield><subfield code="z">Italy</subfield><subfield code="z">Cerveteri</subfield><subfield code="x">Decoration and ornament</subfield></datafield><datafield ind1=" " ind2="7" tag="650"><subfield code="a">Grab</subfield><subfield code="z">Etrusker</subfield><subfield code="x">Importkeramik</subfield><subfield code="z">Cerveteri</subfield><subfield code="v">Kongressbericht</subfield><subfield code="2">idsbb</subfield></datafield><datafield ind1=" " ind2="7" tag="650"><subfield code="a">Importkeramik</subfield><subfield code="x">Grab</subfield><subfield code="z">Etrusker</subfield><subfield code="z">Cerveteri</subfield><subfield code="v">Kongressbericht</subfield><subfield code="2">idsbb</subfield></datafield><datafield ind1=" " ind2="7" tag="651"><subfield code="a">Cerveteri (Italie)</subfield><subfield code="0">(IDREF)027482731</subfield><subfield code="2">idref</subfield></datafield><datafield ind1=" " ind2="7" tag="651"><subfield code="a">Cerveteri</subfield><subfield code="2">idszbz</subfield></datafield><datafield ind1=" " ind2="7" tag="651"><subfield code="a">Griechenland (Altertum)</subfield><subfield code="2">idszbz</subfield></datafield><datafield ind1=" " ind2="7" tag="651"><subfield code="a">Italien</subfield><subfield code="2">idszbz</subfield></datafield><datafield ind1=" " ind2="7" tag="651"><subfield code="a">Cerveteri</subfield><subfield code="0">(DE-588)4089100-8</subfield><subfield code="2">gnd</subfield></datafield><datafield ind1=" " ind2="0" tag="651"><subfield code="a">Cerveteri (Italy)</subfield><subfield code="x">Antiquities</subfield></datafield><datafield ind1=" " ind2="7" tag="651"><subfield code="a">Cerveteri</subfield><subfield code="x">Archäologie</subfield><subfield code="v">Kongressbericht</subfield><subfield code="2">idsbb</subfield></datafield><datafield ind1=" " ind2="7" tag="651"><subfield code="a">Cerveteri</subfield><subfield code="x">Grab</subfield><subfield code="v">Kongressbericht</subfield><subfield code="2">idsbb</subfield></datafield><datafield ind1=" " ind2="7" tag="655"><subfield code="a">Aufsatzsammlung</subfield><subfield code="2">idszbz</subfield></datafield><datafield ind1="1" ind2=" " tag="700"><subfield code="a">Bagnasco Gianni, Giovanna</subfield><subfield code="d">1958-</subfield><subfield code="0">(DE-588)1055793224</subfield><subfield code="6">880-02</subfield></datafield><datafield ind1="1" ind2=" " tag="880"><subfield code="a">Bagnasco Gianni, Giovanna</subfield><subfield code="0">(RERO)A005949232</subfield><subfield code="6">700-02</subfield></datafield><datafield ind1="2" ind2=" " tag="710"><subfield code="a">Civiche raccolte archeologiche e numismatiche di Milano</subfield><subfield code="0">(DE-588)1090669-1</subfield></datafield><datafield ind1=" " ind2=" " tag="830"><subfield code="a">Quaderni di &quot;Acme&quot;</subfield><subfield code="v">52</subfield><subfield code="w">(NEBIS)000989721EBI01</subfield></datafield><datafield ind1=" " ind2=" " tag="900"><subfield code="a">REROnoselfmerge</subfield></datafield><datafield ind1=" " ind2=" " tag="900"><subfield code="a">IDSZ2zbzmon200304p</subfield><subfield code="c">IDSZ2mojs</subfield><subfield code="d">IDSZ2zbzswk200305b</subfield><subfield code="e">IDSZ2kotr</subfield></datafield><datafield ind1=" " ind2=" " tag="900"><subfield code="f">IDSU2medea</subfield></datafield></record>
</metadata></record>