<record><header><identifier>oai:alma.41SLSP_UGE:991000777729705502</identifier><datestamp>2024-05-04T01:08:15Z</datestamp><setSpec>uge_bcen_RapidILL_BOOK</setSpec><setSpec>uge_aaca_RapidILL_BOOK</setSpec><setSpec>uge_abels_RapidILL_BOOK</setSpec><setSpec>uge_dbu_RapidILL_BOOK</setSpec><setSpec>uge_cmu_RapidILL_BOOK</setSpec><setSpec>uge_mail_RapidILL_BOOK</setSpec><setSpec>uge_abbat_RapidILL_BOOK</setSpec><setSpec>UNIGE_ALL</setSpec><setSpec>uge_aobs_RapidILL_BOOK</setSpec><setSpec>uge_acar_RapidILL_BOOK</setSpec></header><metadata>
<record xmlns="http://www.loc.gov/MARC21/slim" xmlns:xsi="http://www.w3.org/2001/XMLSchema-instance" xsi:schemaLocation="http://www.loc.gov/MARC21/slim http://www.loc.gov/standards/marcxml/schema/MARC21slim.xsd"><leader>02116nam a22004932c 4500</leader><controlfield tag="001">991000777729705502</controlfield><controlfield tag="005">20201231130219.0</controlfield><controlfield tag="008">201011s2012    ru ||||| |||| 00| ||rus d</controlfield><datafield ind1=" " ind2=" " tag="020"><subfield code="a">9785824314502</subfield></datafield><datafield ind1=" " ind2=" " tag="020"><subfield code="a">5824314500</subfield></datafield><datafield ind1="7" ind2=" " tag="024"><subfield code="a">http://catalogue.bnf.fr/ark:/12148/cb42625457g</subfield><subfield code="2">uri</subfield></datafield><datafield ind1=" " ind2=" " tag="035"><subfield code="a">(swissbib)230222242-41slsp_network</subfield></datafield><datafield ind1=" " ind2=" " tag="035"><subfield code="a">230222242</subfield><subfield code="9">ExL</subfield></datafield><datafield ind1=" " ind2=" " tag="035"><subfield code="a">(RERO)R007033983-41slsp</subfield></datafield><datafield ind1=" " ind2=" " tag="035"><subfield code="a">(IDSBB)005853333DSV01</subfield></datafield><datafield ind1=" " ind2=" " tag="035"><subfield code="a">(OCoLC)773746031</subfield></datafield><datafield ind1=" " ind2=" " tag="035"><subfield code="a">(EXLNZ-41SLSP_NETWORK)991091631719705501</subfield></datafield><datafield ind1=" " ind2=" " tag="040"><subfield code="a">DLC</subfield><subfield code="d">CH-ZuSLS</subfield></datafield><datafield ind1=" " ind2="7" tag="072"><subfield code="a">ru</subfield><subfield code="2">rero</subfield></datafield><datafield ind1=" " ind2="7" tag="072"><subfield code="a">og</subfield><subfield code="2">SzZuIDS BS/BE</subfield></datafield><datafield ind1="1" ind2="4" tag="082"><subfield code="a">940</subfield><subfield code="2">15</subfield></datafield><datafield ind1="1" ind2=" " tag="100"><subfield code="a">Maklakov, Vasilij Alekseevič</subfield><subfield code="d">1869-1957</subfield><subfield code="0">(DE-588)122086635</subfield></datafield><datafield ind1="1" ind2="0" tag="245"><subfield code="a">Spor o Rossii</subfield><subfield code="b">V.A. Maklakov--V.V. Shulʹgin perepiska, 1919-1939 gg.</subfield><subfield code="c">vst. stat. O. V. Budnit︠s︡kogo</subfield></datafield><datafield ind1="1" ind2="1" tag="246"><subfield code="a">Debate about Russia</subfield></datafield><datafield ind1=" " ind2="1" tag="264"><subfield code="a">Moskva</subfield><subfield code="b">ROSSPĖN</subfield><subfield code="c">2012</subfield></datafield><datafield ind1=" " ind2=" " tag="300"><subfield code="a">438 p.</subfield><subfield code="c">22 cm.</subfield></datafield><datafield ind1=" " ind2=" " tag="336"><subfield code="b">txt</subfield><subfield code="2">rdacontent</subfield></datafield><datafield ind1=" " ind2=" " tag="337"><subfield code="b">n</subfield><subfield code="2">rdamedia</subfield></datafield><datafield ind1=" " ind2=" " tag="338"><subfield code="b">nc</subfield><subfield code="2">rdacarrier</subfield></datafield><datafield ind1="0" ind2=" " tag="490"><subfield code="a">Serija &quot;Russkie sokrovišča Guverovskoj bašni&quot;</subfield></datafield><datafield ind1=" " ind2=" " tag="500"><subfield code="a">Titre en anglais: Debate about Russia V.A. Maklakov and V.V. Shulgin, correspondance</subfield></datafield><datafield ind1=" " ind2=" " tag="500"><subfield code="a">Russian treasures of Hoover Tower</subfield></datafield><datafield ind1="1" ind2="7" tag="600"><subfield code="a">Maklakov, Vasilij Alekseevič</subfield><subfield code="d">1869-1957</subfield><subfield code="0">(DE-588)122086635</subfield><subfield code="2">gnd</subfield></datafield><datafield ind1="1" ind2="7" tag="600"><subfield code="a">Šulʹgin, Vasilij Vitalʹevič</subfield><subfield code="d">1878-1976</subfield><subfield code="0">(DE-588)120854686</subfield><subfield code="2">gnd</subfield></datafield><datafield ind1=" " ind2="7" tag="655"><subfield code="a">Briefsammlung</subfield><subfield code="y">1939-1939</subfield><subfield code="2">gnd-content</subfield></datafield><datafield ind1=" " ind2="7" tag="655"><subfield code="a">Briefsammlung</subfield><subfield code="2">gnd-content</subfield></datafield><datafield ind1="1" ind2=" " tag="700"><subfield code="a">Šulʹgin, Vasilij Vitalʹevič</subfield><subfield code="d">1878-1976</subfield><subfield code="0">(DE-588)120854686</subfield></datafield><datafield ind1="1" ind2=" " tag="700"><subfield code="a">Budnickij, Oleg Vitalʹevič</subfield><subfield code="d">1954-...</subfield><subfield code="0">(DE-588)1028464827</subfield></datafield><datafield ind1="1" ind2=" " tag="700"><subfield code="a">Budnickij, Oleg Vitalʹevič</subfield><subfield code="d">1954-...</subfield><subfield code="0">(IDREF)050808869</subfield></datafield><datafield ind1="1" ind2=" " tag="700"><subfield code="a">Maklakov, Vasilij Alekseevič</subfield><subfield code="d">1870-1957</subfield><subfield code="0">(IDREF)075705788</subfield></datafield><datafield ind1="1" ind2=" " tag="700"><subfield code="a">Šulʹgin, Vasilij Vitalʹevič</subfield><subfield code="d">1878-1976</subfield><subfield code="0">(IDREF)073464694</subfield></datafield><datafield ind1=" " ind2=" " tag="900"><subfield code="a">REROnoselfmerge</subfield></datafield><datafield ind1=" " ind2=" " tag="910"><subfield code="a">LOC</subfield><subfield code="b">20120402</subfield><subfield code="c">Droits réservés</subfield></datafield><datafield ind1=" " ind2=" " tag="911"><subfield code="a">100</subfield><subfield code="a">Maklakov, Vasilij Alekseevič</subfield><subfield code="d">1870-1957</subfield></datafield><datafield ind1=" " ind2=" " tag="911"><subfield code="a">700</subfield><subfield code="a">Šulʹgin, Vasilij Vitalʹevič</subfield><subfield code="d">1878-1976</subfield></datafield></record>
</metadata></record>