<record><header><identifier>oai:alma.41SLSP_UGE:991000776979705502</identifier><datestamp>2023-11-24T01:25:00Z</datestamp><setSpec>uge_bcen_RapidILL_BOOK</setSpec><setSpec>uge_aaca_RapidILL_BOOK</setSpec><setSpec>uge_abels_RapidILL_BOOK</setSpec><setSpec>uge_dbu_RapidILL_BOOK</setSpec><setSpec>uge_cmu_RapidILL_BOOK</setSpec><setSpec>uge_mail_RapidILL_BOOK</setSpec><setSpec>uge_abbat_RapidILL_BOOK</setSpec><setSpec>UNIGE_ALL</setSpec><setSpec>uge_acar_RapidILL_BOOK</setSpec><setSpec>uge_aobs_RapidILL_BOOK</setSpec></header><metadata>
<record xmlns="http://www.loc.gov/MARC21/slim" xmlns:xsi="http://www.w3.org/2001/XMLSchema-instance" xsi:schemaLocation="http://www.loc.gov/MARC21/slim http://www.loc.gov/standards/marcxml/schema/MARC21slim.xsd"><leader>01313nam a2200325 c 4500</leader><controlfield tag="001">991000776979705502</controlfield><controlfield tag="005">20230327175647.0</controlfield><controlfield tag="008">961207s1983    gw ||||| |||| 00| ||ger d</controlfield><datafield ind1=" " ind2=" " tag="020"><subfield code="a">3887090608</subfield></datafield><datafield ind1=" " ind2=" " tag="035"><subfield code="a">(swissbib)079349161-41slsp_network</subfield></datafield><datafield ind1=" " ind2=" " tag="035"><subfield code="a">079349161</subfield><subfield code="9">ExL</subfield></datafield><datafield ind1=" " ind2=" " tag="035"><subfield code="a">(RERO)0489487-41slsp</subfield></datafield><datafield ind1=" " ind2=" " tag="035"><subfield code="a">(ALEX)bv00275544</subfield></datafield><datafield ind1=" " ind2=" " tag="035"><subfield code="a">(EXLNZ-41SLSP_NETWORK)991046180879705501</subfield></datafield><datafield ind1=" " ind2=" " tag="040"><subfield code="a">RERO</subfield><subfield code="d">CH-ZuSLS</subfield></datafield><datafield ind1=" " ind2="7" tag="072"><subfield code="a">dr</subfield><subfield code="2">rero</subfield></datafield><datafield ind1=" " ind2=" " tag="084"><subfield code="a">CA/D 60 h</subfield><subfield code="2">cjurrom</subfield></datafield><datafield ind1="1" ind2=" " tag="100"><subfield code="a">Goebel, Jürgen W.</subfield><subfield code="0">(RERO)A003303893</subfield><subfield code="4">cre</subfield></datafield><datafield ind1="1" ind2="0" tag="245"><subfield code="a">Rechtstatsachen beim Betrieb von Informationssystemen</subfield><subfield code="b">Handbuch zu vertraglichen, urheberrechtlichen, datenschutzrechtlichen und wettbewerbsrechtlichen Problemen</subfield><subfield code="c">Jürgen W. Goebel, Dagmar Höfer-Frey, Jürgen Scheller</subfield></datafield><datafield ind1=" " ind2="1" tag="264"><subfield code="a">München</subfield><subfield code="b">J. Schweitzer</subfield><subfield code="c">[1983]</subfield></datafield><datafield ind1=" " ind2="4" tag="264"><subfield code="c">© 1983</subfield></datafield><datafield ind1=" " ind2=" " tag="300"><subfield code="a">XII, 314 p.</subfield><subfield code="b">ill.</subfield><subfield code="c">30 cm</subfield></datafield><datafield ind1=" " ind2=" " tag="336"><subfield code="b">txt</subfield><subfield code="2">rdacontent</subfield></datafield><datafield ind1=" " ind2=" " tag="337"><subfield code="b">n</subfield><subfield code="2">rdamedia</subfield></datafield><datafield ind1=" " ind2=" " tag="338"><subfield code="b">nc</subfield><subfield code="2">rdacarrier</subfield></datafield><datafield ind1="1" ind2=" " tag="490"><subfield code="a">Arbeitspapiere Rechtsinformatik</subfield><subfield code="v">Heft 17</subfield></datafield><datafield ind1=" " ind2="7" tag="650"><subfield code="a">information juridique</subfield><subfield code="0">(RERO)A010098648</subfield><subfield code="2">rerovoc</subfield></datafield><datafield ind1=" " ind2="7" tag="651"><subfield code="a">Allemagne (République fédérale)</subfield><subfield code="0">(IDREF)027259234</subfield><subfield code="2">idref</subfield></datafield><datafield ind1="1" ind2=" " tag="700"><subfield code="a">Höfer-Frey Dagmar</subfield><subfield code="0">(RERO)A003394044</subfield></datafield><datafield ind1="1" ind2=" " tag="700"><subfield code="a">Scheller, Jürgen</subfield><subfield code="0">(RERO)A003794363</subfield></datafield><datafield ind1=" " ind2=" " tag="830"><subfield code="a">Arbeitspapiere Rechtsinformatik</subfield><subfield code="v">17</subfield><subfield code="w">(RERO)0268999-41slsp</subfield></datafield><datafield ind1=" " ind2=" " tag="900"><subfield code="a">REROnoselfmerge</subfield></datafield></record>
</metadata></record>