<record><header><identifier>oai:alma.41SLSP_UGE:991000776809705502</identifier><datestamp>2024-05-25T00:14:06Z</datestamp><setSpec>uge_bcen_RapidILL_BOOK</setSpec><setSpec>uge_aaca_RapidILL_BOOK</setSpec><setSpec>uge_abels_RapidILL_BOOK</setSpec><setSpec>uge_dbu_RapidILL_BOOK</setSpec><setSpec>uge_cmu_RapidILL_BOOK</setSpec><setSpec>uge_mail_RapidILL_BOOK</setSpec><setSpec>uge_abbat_RapidILL_BOOK</setSpec><setSpec>UNIGE_ALL</setSpec><setSpec>uge_aobs_RapidILL_BOOK</setSpec><setSpec>uge_acar_RapidILL_BOOK</setSpec></header><metadata>
<record xmlns="http://www.loc.gov/MARC21/slim" xmlns:xsi="http://www.w3.org/2001/XMLSchema-instance" xsi:schemaLocation="http://www.loc.gov/MARC21/slim http://www.loc.gov/standards/marcxml/schema/MARC21slim.xsd"><leader>01048nam a2200301 c 4500</leader><controlfield tag="001">991000776809705502</controlfield><controlfield tag="005">20230214201515.0</controlfield><controlfield tag="008">960525s1957    fr ||||| |||| 00| ||fre d</controlfield><datafield ind1=" " ind2=" " tag="035"><subfield code="a">(swissbib)078448808-41slsp_network</subfield></datafield><datafield ind1=" " ind2=" " tag="035"><subfield code="a">078448808</subfield><subfield code="9">ExL</subfield></datafield><datafield ind1=" " ind2=" " tag="035"><subfield code="a">(RERO)0347940-41slsp</subfield></datafield><datafield ind1=" " ind2=" " tag="035"><subfield code="a">(EXLNZ-41SLSP_NETWORK)991101154469705501</subfield></datafield><datafield ind1=" " ind2=" " tag="040"><subfield code="a">RERO</subfield><subfield code="d">CH-ZuSLS</subfield></datafield><datafield ind1="1" ind2=" " tag="041"><subfield code="a">fre</subfield><subfield code="h">eng</subfield></datafield><datafield ind1=" " ind2="7" tag="072"><subfield code="a">ps</subfield><subfield code="2">rero</subfield></datafield><datafield ind1="1" ind2=" " tag="100"><subfield code="a">Hall, Calvin Springer</subfield><subfield code="d">1909-1985</subfield><subfield code="0">(IDREF)032440146</subfield><subfield code="4">cre</subfield></datafield><datafield ind1="1" ind2="0" tag="245"><subfield code="a">ABC de la psychologie freudienne</subfield><subfield code="c">Calvin S. Hall ; trad. de l'américain par Ignace Lepp</subfield></datafield><datafield ind1=" " ind2="1" tag="264"><subfield code="a">Paris</subfield><subfield code="b">Aubier</subfield><subfield code="b">Ed. Montaigne</subfield><subfield code="c">1957</subfield></datafield><datafield ind1=" " ind2=" " tag="300"><subfield code="a">172 p.</subfield><subfield code="c">19 cm</subfield></datafield><datafield ind1=" " ind2=" " tag="336"><subfield code="b">txt</subfield><subfield code="2">rdacontent</subfield></datafield><datafield ind1=" " ind2=" " tag="337"><subfield code="b">n</subfield><subfield code="2">rdamedia</subfield></datafield><datafield ind1=" " ind2=" " tag="338"><subfield code="b">nc</subfield><subfield code="2">rdacarrier</subfield></datafield><datafield ind1="1" ind2=" " tag="490"><subfield code="a">La chair et l'esprit</subfield></datafield><datafield ind1=" " ind2=" " tag="500"><subfield code="a">Traduit de: Primer of freudian psychology</subfield></datafield><datafield ind1="1" ind2="7" tag="600"><subfield code="a">Freud, Sigmund</subfield><subfield code="d">1856-1939</subfield><subfield code="0">(IDREF)027324664</subfield><subfield code="2">idref</subfield></datafield><datafield ind1=" " ind2="7" tag="650"><subfield code="a">Psychologie</subfield><subfield code="0">(IDREF)027346900</subfield><subfield code="2">idref</subfield></datafield><datafield ind1="1" ind2="2" tag="700"><subfield code="a">Hall, Calvin Springer</subfield><subfield code="t">ABC de la psychologie freudienne</subfield></datafield><datafield ind1=" " ind2="0" tag="830"><subfield code="a">&lt;&lt;La&gt;&gt; chair et l'esprit</subfield></datafield><datafield ind1=" " ind2=" " tag="900"><subfield code="a">REROnoselfmerge</subfield></datafield></record>
</metadata></record>