<record><header><identifier>oai:alma.41SLSP_UGE:991000777019705502</identifier><datestamp>2023-03-01T01:10:18Z</datestamp><setSpec>uge_bcen_RapidILL_BOOK</setSpec><setSpec>uge_aaca_RapidILL_BOOK</setSpec><setSpec>uge_abels_RapidILL_BOOK</setSpec><setSpec>uge_dbu_RapidILL_BOOK</setSpec><setSpec>uge_cmu_RapidILL_BOOK</setSpec><setSpec>uge_mail_RapidILL_BOOK</setSpec><setSpec>UNIGE_ALL</setSpec><setSpec>uge_abbat_RapidILL_BOOK</setSpec><setSpec>uge_aobs_RapidILL_BOOK</setSpec><setSpec>uge_acar_RapidILL_BOOK</setSpec></header><metadata>
<record xmlns="http://www.loc.gov/MARC21/slim" xmlns:xsi="http://www.w3.org/2001/XMLSchema-instance" xsi:schemaLocation="http://www.loc.gov/MARC21/slim http://www.loc.gov/standards/marcxml/schema/MARC21slim.xsd"><leader>01432nam a2200265 c 4500</leader><controlfield tag="001">991000777019705502</controlfield><controlfield tag="005">20201222230844.0</controlfield><controlfield tag="008">140314s1938    xr ||||| |||| 00| ||ger d</controlfield><datafield ind1=" " ind2=" " tag="035"><subfield code="a">(swissbib)119356643-41slsp_network</subfield></datafield><datafield ind1=" " ind2=" " tag="035"><subfield code="a">119356643</subfield><subfield code="9">ExL</subfield></datafield><datafield ind1=" " ind2=" " tag="035"><subfield code="a">(RERO)R007676806-41slsp</subfield></datafield><datafield ind1=" " ind2=" " tag="035"><subfield code="a">(EXLNZ-41SLSP_NETWORK)991123578909705501</subfield></datafield><datafield ind1=" " ind2=" " tag="040"><subfield code="a">RERO geussa</subfield><subfield code="d">CH-ZuSLS</subfield></datafield><datafield ind1=" " ind2="7" tag="072"><subfield code="a">ar</subfield><subfield code="2">rero</subfield></datafield><datafield ind1="1" ind2=" " tag="100"><subfield code="a">Absolon, Karel</subfield><subfield code="d">1877-1960</subfield><subfield code="0">(IDREF)078873053</subfield><subfield code="4">cre</subfield></datafield><datafield ind1="1" ind2="0" tag="245"><subfield code="a">&lt;&lt;Die&gt;&gt; Erforschung der diluvialen Mammut-Jäger-Station von Unter-Wisternitz an den Pollauer Bergen in Mähren</subfield><subfield code="b">Arbeitsbericht über das zweite Jahr 1925</subfield><subfield code="c">Karl Absolon</subfield></datafield><datafield ind1=" " ind2="1" tag="264"><subfield code="a">Brünn [Brno]</subfield><subfield code="b">Barvič &amp; Novotny</subfield><subfield code="c">1938</subfield></datafield><datafield ind1=" " ind2=" " tag="300"><subfield code="a">101 p., XIV f. de pl.</subfield><subfield code="b">Ill.</subfield><subfield code="c">31 cm</subfield></datafield><datafield ind1=" " ind2=" " tag="336"><subfield code="b">txt</subfield><subfield code="2">rdacontent</subfield></datafield><datafield ind1=" " ind2=" " tag="337"><subfield code="b">n</subfield><subfield code="2">rdamedia</subfield></datafield><datafield ind1=" " ind2=" " tag="338"><subfield code="b">nc</subfield><subfield code="2">rdacarrier</subfield></datafield><datafield ind1="1" ind2=" " tag="490"><subfield code="a">Mitteilungen aus der palaeolithischen Abteilung am mährischen Landesmuseum</subfield><subfield code="v">Nr. 54</subfield></datafield><datafield ind1="1" ind2=" " tag="490"><subfield code="a">Studien aus dem Gebiete der allgemeinen Karstforschung, der wissenschaftliche Höhlenkunde, der Eiszeitforschung und den Nachbargebieten. Palaeoethnologische Serie</subfield><subfield code="v">Nr. 6</subfield></datafield><datafield ind1=" " ind2=" " tag="830"><subfield code="a">Mitteilungen aus der palaeolithischen Abteilung am mährischen Landesmuseum</subfield><subfield code="v">54</subfield><subfield code="w">(RERO)R003649637-41slsp</subfield></datafield><datafield ind1=" " ind2=" " tag="830"><subfield code="a">Studien aus dem Gebiete der allgemeinen Karstforschung, der wissenschaftliche Höhlenkunde, der Eiszeitforschung und den Nachbargebieten</subfield><subfield code="p">Palaeoethnologische Serie</subfield><subfield code="v">6</subfield><subfield code="w">(RERO)R003649631-41slsp</subfield></datafield><datafield ind1=" " ind2=" " tag="900"><subfield code="a">REROnoselfmerge</subfield></datafield></record>
</metadata></record>