<record><header><identifier>oai:alma.41SLSP_UGE:991000777339705502</identifier><datestamp>2023-03-01T01:10:18Z</datestamp><setSpec>uge_bcen_RapidILL_BOOK</setSpec><setSpec>uge_aaca_RapidILL_BOOK</setSpec><setSpec>uge_abels_RapidILL_BOOK</setSpec><setSpec>uge_dbu_RapidILL_BOOK</setSpec><setSpec>uge_cmu_RapidILL_BOOK</setSpec><setSpec>uge_mail_RapidILL_BOOK</setSpec><setSpec>UNIGE_ALL</setSpec><setSpec>uge_abbat_RapidILL_BOOK</setSpec><setSpec>uge_aobs_RapidILL_BOOK</setSpec><setSpec>uge_acar_RapidILL_BOOK</setSpec></header><metadata>
<record xmlns="http://www.loc.gov/MARC21/slim" xmlns:xsi="http://www.w3.org/2001/XMLSchema-instance" xsi:schemaLocation="http://www.loc.gov/MARC21/slim http://www.loc.gov/standards/marcxml/schema/MARC21slim.xsd"><leader>02170nam a2200313 c 4500</leader><controlfield tag="001">991000777339705502</controlfield><controlfield tag="005">20201227135345.0</controlfield><controlfield tag="008">000912s1996    gr ||||| |||| 01| ||gre d</controlfield><datafield ind1=" " ind2=" " tag="020"><subfield code="a">9608413044</subfield></datafield><datafield ind1=" " ind2=" " tag="035"><subfield code="a">(swissbib)092733883-41slsp_network</subfield></datafield><datafield ind1=" " ind2=" " tag="035"><subfield code="a">092733883</subfield><subfield code="9">ExL</subfield></datafield><datafield ind1=" " ind2=" " tag="035"><subfield code="a">(RERO)R222619860-41slsp</subfield></datafield><datafield ind1=" " ind2=" " tag="035"><subfield code="a">(EXLNZ-41SLSP_NETWORK)991011194859705501</subfield></datafield><datafield ind1=" " ind2=" " tag="040"><subfield code="a">RERO geulgm</subfield><subfield code="d">CH-ZuSLS</subfield></datafield><datafield ind1=" " ind2="7" tag="072"><subfield code="a">gr</subfield><subfield code="2">rero</subfield></datafield><datafield ind1="0" ind2="0" tag="245"><subfield code="6">880-01</subfield><subfield code="a">Takēs Sinopoulos enoikos tōra tou pandoteivou, kekyrōmenos</subfield><subfield code="b">aphierōma</subfield><subfield code="c">epimeleia Hēlias Gkrēs</subfield></datafield><datafield ind1="0" ind2="0" tag="880"><subfield code="6">245-01/(S</subfield><subfield code="a">Τάκης Σινόπουλος ενοικός τώρα του παντοτειβού, κεκυρωμένος</subfield><subfield code="b">αφιέρωμα</subfield><subfield code="c">επιμέλεια Ηλίας Γκρης</subfield></datafield><datafield ind1="1" ind2=" " tag="246"><subfield code="a">Taki̲s Sinopoulos enoikos t̲ora tou pandoteivoú, kekyro̲ménos</subfield><subfield code="b">afiéro̲ma / epiméleia I̲lias Gkri̲s</subfield></datafield><datafield ind1=" " ind2="1" tag="264"><subfield code="6">880-02</subfield><subfield code="a">Pyrgos</subfield><subfield code="b">Alfeiós</subfield><subfield code="c">1996</subfield></datafield><datafield ind1=" " ind2="1" tag="880"><subfield code="6">264-02/(S</subfield><subfield code="a">Πύργος</subfield><subfield code="b">Αλφειός</subfield><subfield code="c">1996</subfield></datafield><datafield ind1=" " ind2=" " tag="300"><subfield code="a">309 p., [8] p. de pl.</subfield><subfield code="b">ill.</subfield><subfield code="c">24 cm</subfield></datafield><datafield ind1=" " ind2=" " tag="336"><subfield code="b">txt</subfield><subfield code="2">rdacontent</subfield></datafield><datafield ind1=" " ind2=" " tag="337"><subfield code="b">n</subfield><subfield code="2">rdamedia</subfield></datafield><datafield ind1=" " ind2=" " tag="338"><subfield code="b">nc</subfield><subfield code="2">rdacarrier</subfield></datafield><datafield ind1="1" ind2="7" tag="600"><subfield code="a">Sinópoulos, Tákis</subfield><subfield code="d">1917-1981</subfield><subfield code="0">(IDREF)084332492</subfield><subfield code="2">idref</subfield></datafield><datafield ind1="1" ind2=" " tag="700"><subfield code="6">880-03</subfield><subfield code="a">Gkrēs, Hēlias</subfield><subfield code="0">(IDREF)243826931</subfield></datafield><datafield ind1="1" ind2=" " tag="880"><subfield code="6">700-03/(S</subfield><subfield code="a">Γκρης, Ηλίας</subfield></datafield><datafield ind1="1" ind2=" " tag="700"><subfield code="a">Sinópoulos, Tákis</subfield><subfield code="d">1917-1981</subfield><subfield code="6">880-04</subfield><subfield code="0">(IDREF)084332492</subfield></datafield><datafield ind1="1" ind2=" " tag="880"><subfield code="6">700-04/(S</subfield><subfield code="a">Σινόπουλος, Τάκης</subfield></datafield><datafield ind1=" " ind2=" " tag="900"><subfield code="a">REROnoselfmerge</subfield></datafield></record>
</metadata></record>