<record><header><identifier>oai:alma.41SLSP_UGE:991000776799705502</identifier><datestamp>2023-11-25T02:40:18Z</datestamp><setSpec>uge_bcen_RapidILL_BOOK</setSpec><setSpec>uge_aaca_RapidILL_BOOK</setSpec><setSpec>uge_abels_RapidILL_BOOK</setSpec><setSpec>uge_dbu_RapidILL_BOOK</setSpec><setSpec>uge_cmu_RapidILL_BOOK</setSpec><setSpec>uge_mail_RapidILL_BOOK</setSpec><setSpec>uge_abbat_RapidILL_BOOK</setSpec><setSpec>UNIGE_ALL</setSpec><setSpec>uge_acar_RapidILL_BOOK</setSpec><setSpec>uge_aobs_RapidILL_BOOK</setSpec></header><metadata>
<record xmlns="http://www.loc.gov/MARC21/slim" xmlns:xsi="http://www.w3.org/2001/XMLSchema-instance" xsi:schemaLocation="http://www.loc.gov/MARC21/slim http://www.loc.gov/standards/marcxml/schema/MARC21slim.xsd"><leader>03709nam a2200709 c 4500</leader><controlfield tag="001">991000776799705502</controlfield><controlfield tag="005">20230409171811.0</controlfield><controlfield tag="008">201012s2016    fr ||||| |||| 10| ||eng d</controlfield><datafield ind1=" " ind2=" " tag="019"><subfield code="a">Notices analytiques</subfield><subfield code="5">RERO/geubfd/10.2016</subfield></datafield><datafield ind1=" " ind2=" " tag="020"><subfield code="a">9782233007971</subfield></datafield><datafield ind1=" " ind2=" " tag="020"><subfield code="a">2233007972</subfield></datafield><datafield ind1="7" ind2=" " tag="024"><subfield code="a">http://catalogue.bnf.fr/ark:/12148/cb450400360</subfield><subfield code="2">uri</subfield></datafield><datafield ind1=" " ind2=" " tag="035"><subfield code="a">(swissbib)241836360-41slsp_network</subfield></datafield><datafield ind1=" " ind2=" " tag="035"><subfield code="a">241836360</subfield><subfield code="9">ExL</subfield></datafield><datafield ind1=" " ind2=" " tag="035"><subfield code="a">(RERO)R008463766-41slsp</subfield></datafield><datafield ind1=" " ind2=" " tag="035"><subfield code="a">(NEBIS)010722253EBI01</subfield></datafield><datafield ind1=" " ind2=" " tag="035"><subfield code="a">(OCoLC)952162539</subfield></datafield><datafield ind1=" " ind2=" " tag="035"><subfield code="a">(ALEX)bv9925880104901791</subfield></datafield><datafield ind1=" " ind2=" " tag="035"><subfield code="a">(EXLNZ-41SLSP_NETWORK)991133066499705501</subfield></datafield><datafield ind1=" " ind2=" " tag="040"><subfield code="a">RERO neubfd</subfield><subfield code="d">CH-ZuSLS</subfield></datafield><datafield ind1="0" ind2=" " tag="041"><subfield code="a">eng</subfield><subfield code="a">fre</subfield></datafield><datafield ind1=" " ind2="7" tag="072"><subfield code="a">dr</subfield><subfield code="2">rero</subfield></datafield><datafield ind1="7" ind2="4" tag="082"><subfield code="a">340</subfield><subfield code="2">23sdnb</subfield></datafield><datafield ind1=" " ind2=" " tag="084"><subfield code="a">D 16.1 e</subfield><subfield code="2">cjurrom</subfield></datafield><datafield ind1="2" ind2=" " tag="111"><subfield code="a">Journées franco-allemandes</subfield><subfield code="n">10.</subfield><subfield code="d">2014</subfield><subfield code="c">Louvain-La-Neuve</subfield><subfield code="0">(DE-588)1118643984</subfield></datafield><datafield ind1="1" ind2="0" tag="245"><subfield code="a">Droit des frontières internationales</subfield><subfield code="b">= The law of international borders : Journées franco-allemandes</subfield><subfield code="c">Société française pour le droit international</subfield></datafield><datafield ind1="1" ind2=" " tag="246"><subfield code="a">Law of international borders</subfield></datafield><datafield ind1="1" ind2="1" tag="246"><subfield code="a">&lt;&lt;The&gt;&gt; law of international borders</subfield></datafield><datafield ind1=" " ind2="1" tag="264"><subfield code="a">Paris</subfield><subfield code="b">Pedone</subfield><subfield code="c">2016</subfield></datafield><datafield ind1=" " ind2=" " tag="300"><subfield code="a">322 Seiten</subfield><subfield code="c">24 cm</subfield></datafield><datafield ind1=" " ind2=" " tag="336"><subfield code="b">txt</subfield><subfield code="2">rdacontent</subfield></datafield><datafield ind1=" " ind2=" " tag="337"><subfield code="b">n</subfield><subfield code="2">rdamedia</subfield></datafield><datafield ind1=" " ind2=" " tag="338"><subfield code="b">nc</subfield><subfield code="2">rdacarrier</subfield></datafield><datafield ind1="1" ind2=" " tag="490"><subfield code="a">Journées d'études / Société française pour le droit international</subfield><subfield code="v">2014</subfield></datafield><datafield ind1=" " ind2=" " tag="500"><subfield code="a">Issu de journées conjointes organisées par la Société française pour le droit international et Deutsche Gesellschaft für Internationales Recht (DGIR) les 14 et 15 novembre 2014 à Louvain-la-Neuve</subfield></datafield><datafield ind1=" " ind2=" " tag="500"><subfield code="a">10. Journées franco-allemandes des Société Française pour le Droit International und der Deutschen Gesellschaft für Völkerrecht im November 2014 in Louvain-la-Neuve</subfield></datafield><datafield ind1=" " ind2=" " tag="504"><subfield code="a">Includes bibliographical references</subfield></datafield><datafield ind1=" " ind2=" " tag="546"><subfield code="a">Beiträge französisch oder englisch</subfield></datafield><datafield ind1="2" ind2="7" tag="610"><subfield code="a">Union européenne</subfield><subfield code="0">(IDREF)032486324</subfield><subfield code="2">idref</subfield></datafield><datafield ind1="2" ind2="7" tag="610"><subfield code="a">Europäische Union</subfield><subfield code="0">(DE-588)5098525-5</subfield><subfield code="2">gnd</subfield></datafield><datafield ind1=" " ind2="7" tag="650"><subfield code="a">Droit international</subfield><subfield code="0">(IDREF)050627597</subfield><subfield code="2">idref</subfield></datafield><datafield ind1=" " ind2="7" tag="650"><subfield code="a">Frontières</subfield><subfield code="0">(IDREF)027517845</subfield><subfield code="2">idref</subfield></datafield><datafield ind1=" " ind2="7" tag="650"><subfield code="a">Territoire national</subfield><subfield code="0">(IDREF)027786129</subfield><subfield code="2">idref</subfield></datafield><datafield ind1=" " ind2="7" tag="650"><subfield code="a">Litiges de frontière</subfield><subfield code="0">(IDREF)027518728</subfield><subfield code="2">idref</subfield></datafield><datafield ind1=" " ind2="7" tag="650"><subfield code="a">Groupes ethniques transfrontaliers</subfield><subfield code="0">(IDREF)143510797</subfield><subfield code="2">idref</subfield></datafield><datafield ind1=" " ind2="7" tag="650"><subfield code="a">Droits de l'homme</subfield><subfield code="0">(IDREF)027466957</subfield><subfield code="2">idref</subfield></datafield><datafield ind1=" " ind2="7" tag="650"><subfield code="a">Investissements étrangers</subfield><subfield code="0">(IDREF)027234568</subfield><subfield code="2">idref</subfield></datafield><datafield ind1=" " ind2="7" tag="650"><subfield code="a">Staatsgrenze</subfield><subfield code="0">(DE-588)4077781-9</subfield><subfield code="2">gnd</subfield></datafield><datafield ind1=" " ind2="7" tag="650"><subfield code="a">Menschenrecht</subfield><subfield code="0">(DE-588)4074725-6</subfield><subfield code="2">gnd</subfield></datafield><datafield ind1=" " ind2="7" tag="650"><subfield code="a">Meer</subfield><subfield code="2">gnd</subfield><subfield code="0">(DE-588)4038301-5</subfield></datafield><datafield ind1=" " ind2="7" tag="650"><subfield code="a">Völkerrecht</subfield><subfield code="0">(DE-588)4063693-8</subfield><subfield code="2">gnd</subfield></datafield><datafield ind1=" " ind2="7" tag="651"><subfield code="a">Afrika</subfield><subfield code="2">gnd</subfield><subfield code="0">(DE-588)4000695-5</subfield></datafield><datafield ind1=" " ind2="7" tag="655"><subfield code="a">Actes de congrès</subfield><subfield code="0">(IDREF)02886431X</subfield><subfield code="2">idref</subfield></datafield><datafield ind1=" " ind2="7" tag="655"><subfield code="a">Konferenzschrift</subfield><subfield code="z">Louvain-la-Neuve</subfield><subfield code="y">2014</subfield><subfield code="2">gnd-content</subfield></datafield><datafield ind1="2" ind2=" " tag="710"><subfield code="a">Société française pour le droit international</subfield><subfield code="0">(DE-588)25508-7</subfield><subfield code="e">Veranstalter</subfield><subfield code="4">orm</subfield></datafield><datafield ind1="2" ind2=" " tag="710"><subfield code="a">Deutsche Gesellschaft für Völkerrecht</subfield><subfield code="0">(DE-588)2007564-9</subfield><subfield code="e">Veranstalter</subfield><subfield code="4">orm</subfield></datafield><datafield ind1="2" ind2=" " tag="710"><subfield code="a">Société française pour le droit international</subfield><subfield code="b">Journées franco-allemandes</subfield><subfield code="d">2014</subfield><subfield code="c">Louvain-la-Neuve</subfield><subfield code="0">(RERO)A026633541</subfield></datafield><datafield ind1="2" ind2=" " tag="710"><subfield code="a">Deutsche Gesellschaft für Internationales Recht</subfield><subfield code="b">Journées franco-allemandes</subfield><subfield code="d">2014</subfield><subfield code="c">Louvain-la-Neuve</subfield><subfield code="0">(RERO)A026649766</subfield></datafield><datafield ind1=" " ind2="0" tag="830"><subfield code="a">Journées d'études de la Société française pour le droit international</subfield><subfield code="v">2014</subfield><subfield code="w">(IDSBB)006093296DSV01</subfield></datafield><datafield ind1="4" ind2=" " tag="856"><subfield code="3">Titelblatt und Inhaltsverzeichnis</subfield><subfield code="u">https://toc.library.ethz.ch/objects/pdf03/z16_2-233-00797-2_01.pdf</subfield><subfield code="q">pdf</subfield></datafield><datafield ind1=" " ind2=" " tag="900"><subfield code="a">REROnoselfmerge</subfield></datafield><datafield ind1=" " ind2=" " tag="900"><subfield code="a">IDSZ2rwimon201611f</subfield><subfield code="c">IDSZ2rosi 161109</subfield><subfield code="d">IDSZ2rwiswk201612b</subfield><subfield code="e">IDSZ2basc</subfield></datafield><datafield ind1=" " ind2=" " tag="900"><subfield code="a">Stoppsignal FRED</subfield><subfield code="/">A208/202108</subfield></datafield><datafield ind1=" " ind2=" " tag="949"><subfield code="a">https://toc.library.ethz.ch/objects/pdf03/z16_2-233-00797-2_01.pdf</subfield></datafield></record>
</metadata></record>