<record><header><identifier>oai:alma.41SLSP_UGE:991000777739705502</identifier><datestamp>2023-06-26T00:14:45Z</datestamp><setSpec>UNIGE_ALL</setSpec></header><metadata>
<record xmlns="http://www.loc.gov/MARC21/slim" xmlns:xsi="http://www.w3.org/2001/XMLSchema-instance" xsi:schemaLocation="http://www.loc.gov/MARC21/slim http://www.loc.gov/standards/marcxml/schema/MARC21slim.xsd"><leader>01123ngm a2200313 c 4500</leader><controlfield tag="001">991000777739705502</controlfield><controlfield tag="005">20230625102310.0</controlfield><controlfield tag="007">vd |v||||</controlfield><controlfield tag="008">081212s2007    gw ||| |          v|ger d</controlfield><datafield ind1=" " ind2=" " tag="035"><subfield code="a">(swissbib)107465167-41slsp_network</subfield></datafield><datafield ind1=" " ind2=" " tag="035"><subfield code="a">107465167</subfield><subfield code="9">ExL</subfield></datafield><datafield ind1=" " ind2=" " tag="035"><subfield code="a">(RERO)R004931910-41slsp</subfield></datafield><datafield ind1=" " ind2=" " tag="035"><subfield code="a">(EXLNZ-41SLSP_NETWORK)991159830899705501</subfield></datafield><datafield ind1=" " ind2=" " tag="040"><subfield code="a">RERO geumed</subfield><subfield code="d">CH-ZuSLS</subfield></datafield><datafield ind1="0" ind2=" " tag="041"><subfield code="a">ger</subfield><subfield code="a">eng</subfield><subfield code="a">fre</subfield><subfield code="a">spa</subfield></datafield><datafield ind1=" " ind2="7" tag="072"><subfield code="a">ba</subfield><subfield code="2">rero</subfield></datafield><datafield ind1="0" ind2="0" tag="245"><subfield code="a">Raffaello</subfield><subfield code="c">written and narr. by David Thompson ; prod. and dir. by Ann Turner</subfield></datafield><datafield ind1=" " ind2="1" tag="264"><subfield code="a">Halle</subfield><subfield code="b">Arthaus Musik</subfield><subfield code="c">[2007]</subfield></datafield><datafield ind1=" " ind2=" " tag="300"><subfield code="a">2 DVD - video (177 mn)</subfield><subfield code="e">1 fasc.</subfield></datafield><datafield ind1=" " ind2=" " tag="336"><subfield code="b">tdi</subfield><subfield code="2">rdacontent</subfield></datafield><datafield ind1=" " ind2=" " tag="337"><subfield code="b">v</subfield><subfield code="2">rdamedia</subfield></datafield><datafield ind1=" " ind2=" " tag="338"><subfield code="b">vd</subfield><subfield code="2">rdacarrier</subfield></datafield><datafield ind1=" " ind2=" " tag="500"><subfield code="a">Format d'écran : 4:3</subfield></datafield><datafield ind1=" " ind2=" " tag="500"><subfield code="a">Langues : allemand, anglais, français, espagnol</subfield></datafield><datafield ind1=" " ind2=" " tag="500"><subfield code="a">Une prod.: London : BBC, 1983</subfield></datafield><datafield ind1="0" ind2=" " tag="505"><subfield code="a">Part 1: The Apprentice Years ; part 2: The Prince of Painters ; part 3: Legend and Legacy</subfield></datafield><datafield ind1="0" ind2="7" tag="600"><subfield code="a">Raphaël</subfield><subfield code="d">1483-1520</subfield><subfield code="0">(IDREF)027608956</subfield><subfield code="2">idref</subfield></datafield><datafield ind1=" " ind2="7" tag="655"><subfield code="a">DVD</subfield><subfield code="2">idref</subfield><subfield code="0">(IDREF)035108444</subfield></datafield><datafield ind1="1" ind2=" " tag="700"><subfield code="a">Turner, Ann</subfield><subfield code="0">(RERO)A003915373</subfield></datafield><datafield ind1="1" ind2=" " tag="700"><subfield code="a">Thompson, David</subfield><subfield code="d">1929-</subfield><subfield code="0">(RERO)A013702981</subfield></datafield></record>
</metadata></record>