<record><header><identifier>oai:alma.41SLSP_UGE:991000777109705502</identifier><datestamp>2023-03-01T01:10:18Z</datestamp><setSpec>uge_bcen_RapidILL_BOOK</setSpec><setSpec>uge_aaca_RapidILL_BOOK</setSpec><setSpec>uge_abels_RapidILL_BOOK</setSpec><setSpec>uge_dbu_RapidILL_BOOK</setSpec><setSpec>uge_cmu_RapidILL_BOOK</setSpec><setSpec>uge_mail_RapidILL_BOOK</setSpec><setSpec>UNIGE_ALL</setSpec><setSpec>uge_abbat_RapidILL_BOOK</setSpec><setSpec>uge_acar_RapidILL_BOOK</setSpec><setSpec>uge_aobs_RapidILL_BOOK</setSpec></header><metadata>
<record xmlns="http://www.loc.gov/MARC21/slim" xmlns:xsi="http://www.w3.org/2001/XMLSchema-instance" xsi:schemaLocation="http://www.loc.gov/MARC21/slim http://www.loc.gov/standards/marcxml/schema/MARC21slim.xsd"><leader>02220nam a2200553 c 4500</leader><controlfield tag="001">991000777109705502</controlfield><controlfield tag="005">20230220201942.0</controlfield><controlfield tag="008">201011s2011    sz ||||| |||| 00| ||ger d</controlfield><datafield ind1=" " ind2=" " tag="020"><subfield code="a">9783857828843</subfield></datafield><datafield ind1=" " ind2=" " tag="035"><subfield code="a">(swissbib)218893981-41slsp_network</subfield></datafield><datafield ind1=" " ind2=" " tag="035"><subfield code="a">218893981</subfield><subfield code="9">ExL</subfield></datafield><datafield ind1=" " ind2=" " tag="035"><subfield code="a">(RERO)R006111908-41slsp</subfield></datafield><datafield ind1=" " ind2=" " tag="035"><subfield code="a">(IDSBB)005643605DSV01</subfield></datafield><datafield ind1=" " ind2=" " tag="035"><subfield code="a">(NEBIS)010475916EBI01</subfield></datafield><datafield ind1=" " ind2=" " tag="035"><subfield code="a">(IDSLU)000997321ILU01</subfield></datafield><datafield ind1=" " ind2=" " tag="035"><subfield code="a">(EXLNZ-41SLSP_NETWORK)991125090119705501</subfield></datafield><datafield ind1=" " ind2=" " tag="040"><subfield code="a">RERO gevbge</subfield><subfield code="d">CH-ZuSLS</subfield></datafield><datafield ind1=" " ind2=" " tag="044"><subfield code="a">sz</subfield><subfield code="c">ch-be</subfield></datafield><datafield ind1=" " ind2="7" tag="072"><subfield code="a">at</subfield><subfield code="2">rero</subfield></datafield><datafield ind1=" " ind2="7" tag="072"><subfield code="a">ac</subfield><subfield code="2">SzZuIDS BS/BE</subfield></datafield><datafield ind1=" " ind2="7" tag="072"><subfield code="a">kh</subfield><subfield code="2">SzZuIDS BS/BE</subfield></datafield><datafield ind1=" " ind2="7" tag="072"><subfield code="a">450</subfield><subfield code="2">IDS LU</subfield></datafield><datafield ind1="1" ind2=" " tag="080"><subfield code="a">7(494)</subfield></datafield><datafield ind1="0" ind2="4" tag="082"><subfield code="a">726.50949473</subfield><subfield code="2">22</subfield></datafield><datafield ind1="0" ind2="0" tag="245"><subfield code="a">Kirche und ehemaliges Frauenkloster St. Peter Mistail</subfield><subfield code="b">Kanton Graubünden</subfield><subfield code="c">[Autorinnen und Autoren: Elvira Braunschweiler ... et al.]</subfield></datafield><datafield ind1=" " ind2=" " tag="250"><subfield code="a">6. überarb. und ergänzte Aufl.</subfield></datafield><datafield ind1=" " ind2="1" tag="264"><subfield code="a">Bern</subfield><subfield code="b">Gesellschaft für Schweizerische Kunstgeschichte</subfield><subfield code="c">[2011]</subfield></datafield><datafield ind1=" " ind2="4" tag="264"><subfield code="c">© 2011</subfield></datafield><datafield ind1=" " ind2=" " tag="300"><subfield code="a">36 p.</subfield><subfield code="b">ill. en noir et en coul.</subfield><subfield code="c">21 cm</subfield></datafield><datafield ind1=" " ind2=" " tag="336"><subfield code="b">txt</subfield><subfield code="2">rdacontent</subfield></datafield><datafield ind1=" " ind2=" " tag="337"><subfield code="b">n</subfield><subfield code="2">rdamedia</subfield></datafield><datafield ind1=" " ind2=" " tag="338"><subfield code="b">nc</subfield><subfield code="2">rdacarrier</subfield></datafield><datafield ind1="1" ind2=" " tag="490"><subfield code="a">Schweizerische Kunstführer GSK.</subfield><subfield code="a">Serie 89</subfield><subfield code="v">Nr. 884</subfield></datafield><datafield ind1=" " ind2=" " tag="500"><subfield code="a">Hrsg. in Zusammenarbeit mit der Kirchenverwaltung Mistail, Alvaschein</subfield></datafield><datafield ind1=" " ind2=" " tag="500"><subfield code="a">Frühere Aufl. erschienen unter dem Titel &quot;St. Peter, Mistail GR&quot;</subfield></datafield><datafield ind1=" " ind2=" " tag="504"><subfield code="a">Literatur: S. 35</subfield></datafield><datafield ind1=" " ind2="7" tag="648"><subfield code="a">Geschichte</subfield><subfield code="2">gnd</subfield></datafield><datafield ind1=" " ind2="7" tag="650"><subfield code="a">Couvents</subfield><subfield code="0">(IDREF)027820874</subfield><subfield code="2">idref</subfield></datafield><datafield ind1=" " ind2="7" tag="650"><subfield code="a">Églises</subfield><subfield code="0">(IDREF)02726663X</subfield><subfield code="2">idref</subfield></datafield><datafield ind1=" " ind2="7" tag="650"><subfield code="a">Peinture et décoration murales</subfield><subfield code="0">(IDREF)027246299</subfield><subfield code="2">idref</subfield></datafield><datafield ind1=" " ind2="7" tag="651"><subfield code="a">Mistail (Suisse) - Sankt Peter</subfield><subfield code="0">(RERO)A010117996</subfield><subfield code="2">rero</subfield></datafield><datafield ind1=" " ind2="7" tag="651"><subfield code="a">Sankt Peter</subfield><subfield code="g">Alvaschein</subfield><subfield code="0">(DE-588)7757663-9</subfield><subfield code="2">gnd</subfield></datafield><datafield ind1=" " ind2="7" tag="655"><subfield code="a">Guides touristiques et de visite</subfield><subfield code="0">(IDREF)027804720</subfield><subfield code="2">idref</subfield></datafield><datafield ind1=" " ind2="7" tag="655"><subfield code="a">Kunstführer</subfield><subfield code="2">gnd-content</subfield></datafield><datafield ind1="1" ind2=" " tag="700"><subfield code="a">Braunschweiler, Elvira</subfield><subfield code="0">(RERO)A018989334</subfield><subfield code="4">ctb</subfield></datafield><datafield ind1="4" ind2=" " tag="856"><subfield code="3">Inhaltsverzeichnis</subfield><subfield code="u">http://www.ub.unibas.ch/tox/IDSBB/005643605/PDF</subfield><subfield code="q">pdf</subfield></datafield><datafield ind1=" " ind2=" " tag="830"><subfield code="a">Schweizerische Kunstführer</subfield><subfield code="v">884</subfield><subfield code="w">(IDSLU)000134372ILU01</subfield></datafield><datafield ind1=" " ind2=" " tag="900"><subfield code="a">REROnoselfmerge</subfield></datafield><datafield ind1=" " ind2=" " tag="900"><subfield code="a">IDSE5E51ANH-2016</subfield></datafield><datafield ind1=" " ind2=" " tag="949"><subfield code="a">http://www.ub.unibas.ch/tox/IDSBB/005643605/PDF</subfield></datafield></record>
</metadata></record>