<record><header><identifier>oai:alma.41SLSP_UGE:991000777629705502</identifier><datestamp>2024-10-05T00:05:54Z</datestamp><setSpec>uge_bcen_RapidILL_BOOK</setSpec><setSpec>uge_aaca_RapidILL_BOOK</setSpec><setSpec>uge_abels_RapidILL_BOOK</setSpec><setSpec>uge_dbu_RapidILL_BOOK</setSpec><setSpec>uge_cmu_RapidILL_BOOK</setSpec><setSpec>uge_mail_RapidILL_BOOK</setSpec><setSpec>uge_abbat_RapidILL_BOOK</setSpec><setSpec>UNIGE_ALL</setSpec><setSpec>uge_aobs_RapidILL_BOOK</setSpec><setSpec>uge_acar_RapidILL_BOOK</setSpec></header><metadata>
<record xmlns="http://www.loc.gov/MARC21/slim" xmlns:xsi="http://www.w3.org/2001/XMLSchema-instance" xsi:schemaLocation="http://www.loc.gov/MARC21/slim http://www.loc.gov/standards/marcxml/schema/MARC21slim.xsd"><leader>02647nam a2200577 c 4500</leader><controlfield tag="001">991000777629705502</controlfield><controlfield tag="005">20241004190926.0</controlfield><controlfield tag="008">201012s2005    it ||||| |||| 00| ||ita d</controlfield><datafield ind1=" " ind2=" " tag="019"><subfield code="a">Notice analytique.</subfield><subfield code="5">RERO/geulit/04.2008</subfield></datafield><datafield ind1=" " ind2=" " tag="020"><subfield code="a">888498209X</subfield><subfield code="c">58.00 EUR</subfield></datafield><datafield ind1=" " ind2=" " tag="035"><subfield code="a">(swissbib)242849563-41slsp_network</subfield></datafield><datafield ind1=" " ind2=" " tag="035"><subfield code="a">242849563</subfield><subfield code="9">ExL</subfield></datafield><datafield ind1=" " ind2=" " tag="035"><subfield code="a">(RERO)R004674297-41slsp</subfield></datafield><datafield ind1=" " ind2=" " tag="035"><subfield code="a">(NEBIS)005139495EBI01</subfield></datafield><datafield ind1=" " ind2=" " tag="035"><subfield code="a">(IDSBB)004064195DSV01</subfield></datafield><datafield ind1=" " ind2=" " tag="035"><subfield code="a">(EXLNZ-41SLSP_NETWORK)991078305209705501</subfield></datafield><datafield ind1=" " ind2=" " tag="040"><subfield code="a">RERO geulit</subfield><subfield code="d">CH-ZuSLS</subfield></datafield><datafield ind1=" " ind2=" " tag="050"><subfield code="a">PQ</subfield></datafield><datafield ind1=" " ind2="7" tag="072"><subfield code="a">it</subfield><subfield code="2">rero</subfield></datafield><datafield ind1=" " ind2="7" tag="072"><subfield code="a">it</subfield><subfield code="2">SzZuIDS BS/BE</subfield></datafield><datafield ind1="0" ind2="4" tag="082"><subfield code="a">853</subfield><subfield code="2">21</subfield></datafield><datafield ind1="0" ind2="4" tag="082"><subfield code="a">853.8</subfield></datafield><datafield ind1="1" ind2="4" tag="082"><subfield code="a">853</subfield><subfield code="2">21</subfield></datafield><datafield ind1=" " ind2=" " tag="084"><subfield code="a">IV 2099</subfield><subfield code="2">rvk</subfield></datafield><datafield ind1="0" ind2="0" tag="245"><subfield code="a">Emilio De Marchi un secolo dopo</subfield><subfield code="b">atti del Convegno di studi, Università di Pavia, 5-6 dicembre 2001</subfield><subfield code="c">a cura di Renzo Cremante</subfield></datafield><datafield ind1="1" ind2="3" tag="246"><subfield code="a">Emilio De Marchi (1851-1901)</subfield><subfield code="b">documenti, immagini, manoscritti</subfield></datafield><datafield ind1=" " ind2="1" tag="264"><subfield code="a">Roma</subfield><subfield code="b">Edizioni di storia e letteratura</subfield><subfield code="c">2005</subfield></datafield><datafield ind1=" " ind2=" " tag="300"><subfield code="a">IX, 420 p.</subfield><subfield code="b">portr., fac-sim.</subfield></datafield><datafield ind1=" " ind2=" " tag="336"><subfield code="b">txt</subfield><subfield code="2">rdacontent</subfield></datafield><datafield ind1=" " ind2=" " tag="337"><subfield code="b">n</subfield><subfield code="2">rdamedia</subfield></datafield><datafield ind1=" " ind2=" " tag="338"><subfield code="b">nc</subfield><subfield code="2">rdacarrier</subfield></datafield><datafield ind1="1" ind2=" " tag="490"><subfield code="a">Studi</subfield><subfield code="v">6</subfield></datafield><datafield ind1=" " ind2=" " tag="500"><subfield code="a">Sur la couv. : Centro manoscritti, Università di Pavia</subfield></datafield><datafield ind1=" " ind2=" " tag="504"><subfield code="a">Includes bibliographical references</subfield></datafield><datafield ind1="0" ind2=" " tag="505"><subfield code="a">In appendice : Emilio De Marchi 1851-1901 : documenti, immagini, manoscritti / a cura di Nicoletta Trotta (catalogo della mostra allestita a Milano presso il Museo di storia contemporanea dal 3 dicembre 2001 al 27 gennaio 2002)</subfield></datafield><datafield ind1="1" ind2="7" tag="600"><subfield code="a">De Marchi, Emilio</subfield><subfield code="d">1851-1901</subfield><subfield code="0">(IDREF)032234783</subfield><subfield code="2">idref</subfield></datafield><datafield ind1="1" ind2="7" tag="600"><subfield code="a">De Marchi, Emilio</subfield><subfield code="d">1851-1901</subfield><subfield code="2">gnd</subfield><subfield code="0">(DE-588)119110520</subfield></datafield><datafield ind1="1" ind2="0" tag="600"><subfield code="a">De Marchi, Emilio</subfield><subfield code="d">1851-1901</subfield><subfield code="x">Criticism and interpretation</subfield><subfield code="v">Congresses</subfield></datafield><datafield ind1=" " ind2="7" tag="655"><subfield code="a">Catalogues d'exposition</subfield><subfield code="0">(IDREF)027320456</subfield><subfield code="2">idref</subfield></datafield><datafield ind1=" " ind2="7" tag="655"><subfield code="a">Actes de congrès</subfield><subfield code="0">(IDREF)02886431X</subfield><subfield code="2">idref</subfield></datafield><datafield ind1=" " ind2="7" tag="655"><subfield code="a">Aufsatzsammlung</subfield><subfield code="2">idszbz</subfield></datafield><datafield ind1=" " ind2="7" tag="655"><subfield code="a">Festschrift</subfield><subfield code="2">gnd-content</subfield></datafield><datafield ind1=" " ind2="7" tag="655"><subfield code="a">Konferenzschrift</subfield><subfield code="z">Pavia</subfield><subfield code="y">2001</subfield><subfield code="2">gnd-content</subfield></datafield><datafield ind1="1" ind2=" " tag="700"><subfield code="a">De Marchi, Emilio</subfield><subfield code="d">1851-1901</subfield><subfield code="0">(DE-588)119110520</subfield></datafield><datafield ind1="1" ind2=" " tag="700"><subfield code="6">880-02</subfield><subfield code="a">Cremante, Renzo</subfield><subfield code="d">1942-</subfield><subfield code="0">(DE-588)1031919759</subfield></datafield><datafield ind1="1" ind2=" " tag="880"><subfield code="6">700-02</subfield><subfield code="a">Cremante, Renzo</subfield><subfield code="d">1942-....</subfield><subfield code="0">(IDREF)028414640</subfield></datafield><datafield ind1="1" ind2=" " tag="700"><subfield code="a">Trotta, Nicoletta</subfield><subfield code="0">(IDREF)052533050</subfield></datafield><datafield ind1="2" ind2=" " tag="710"><subfield code="a">Università di Pavia</subfield><subfield code="b">Centro di ricerca sulla tradizione manoscritta di autori moderni e contemporanei</subfield><subfield code="b">Convegno di studi</subfield><subfield code="d">2001</subfield><subfield code="c">Pavia</subfield><subfield code="0">(RERO)A013881540</subfield></datafield><datafield ind1="4" ind2="2" tag="856"><subfield code="3">Inhaltsverzeichnis</subfield><subfield code="u">http://www.ub.unibas.ch/tox/HBZ/HT014861893/PDF</subfield><subfield code="q">pdf</subfield></datafield><datafield ind1=" " ind2=" " tag="830"><subfield code="a">Studi</subfield><subfield code="v">6</subfield><subfield code="w">(IDSBB)004136177DSV01</subfield></datafield><datafield ind1=" " ind2=" " tag="900"><subfield code="a">IDSZ2zbzmon200605f</subfield><subfield code="c">IDSZ2baeh</subfield><subfield code="d">IDSZ2zbzswk200605b</subfield><subfield code="e">IDSZ2brua</subfield></datafield><datafield ind1=" " ind2=" " tag="949"><subfield code="a">http://www.ub.unibas.ch/tox/HBZ/HT014861893/PDF</subfield></datafield><datafield ind1=" " ind2=" " tag="993"><subfield code="a">BFLA 202957</subfield><subfield code="x">ge/ulit/a/08/47</subfield><subfield code="9">LOCAL</subfield></datafield></record>
</metadata></record>