<record><header><identifier>oai:alma.41SLSP_UGE:991000777639705502</identifier><datestamp>2023-12-20T01:34:41Z</datestamp><setSpec>uge_bcen_RapidILL_BOOK</setSpec><setSpec>uge_aaca_RapidILL_BOOK</setSpec><setSpec>uge_abels_RapidILL_BOOK</setSpec><setSpec>uge_dbu_RapidILL_BOOK</setSpec><setSpec>uge_cmu_RapidILL_BOOK</setSpec><setSpec>uge_mail_RapidILL_BOOK</setSpec><setSpec>uge_abbat_RapidILL_BOOK</setSpec><setSpec>UNIGE_ALL</setSpec><setSpec>uge_aobs_RapidILL_BOOK</setSpec><setSpec>uge_acar_RapidILL_BOOK</setSpec></header><metadata>
<record xmlns="http://www.loc.gov/MARC21/slim" xmlns:xsi="http://www.w3.org/2001/XMLSchema-instance" xsi:schemaLocation="http://www.loc.gov/MARC21/slim http://www.loc.gov/standards/marcxml/schema/MARC21slim.xsd"><leader>02085nam a2200565 c 4500</leader><controlfield tag="001">991000777639705502</controlfield><controlfield tag="005">20231219142337.0</controlfield><controlfield tag="008">201011s1987    xxu||||| |||| 01| ||ger d</controlfield><datafield ind1=" " ind2=" " tag="020"><subfield code="a">0940490676</subfield></datafield><datafield ind1=" " ind2=" " tag="035"><subfield code="a">(swissbib)219772207-41slsp_network</subfield></datafield><datafield ind1=" " ind2=" " tag="035"><subfield code="a">219772207</subfield><subfield code="9">ExL</subfield></datafield><datafield ind1=" " ind2=" " tag="035"><subfield code="a">(RERO)1122420-41slsp</subfield></datafield><datafield ind1=" " ind2=" " tag="035"><subfield code="a">(IDSBB)002631956DSV01</subfield></datafield><datafield ind1=" " ind2=" " tag="035"><subfield code="a">(NEBIS)003242579EBI01</subfield></datafield><datafield ind1=" " ind2=" " tag="035"><subfield code="a">(EXLNZ-41SLSP_NETWORK)991077639159705501</subfield></datafield><datafield ind1=" " ind2=" " tag="040"><subfield code="a">RERO geulsa</subfield><subfield code="d">CH-ZuSLS</subfield></datafield><datafield ind1="0" ind2=" " tag="041"><subfield code="a">ger</subfield><subfield code="a">eng</subfield><subfield code="a">fre</subfield></datafield><datafield ind1=" " ind2="7" tag="072"><subfield code="a">or</subfield><subfield code="2">rero</subfield></datafield><datafield ind1="0" ind2="0" tag="082"><subfield code="a">410/.956</subfield><subfield code="2">19</subfield></datafield><datafield ind1="0" ind2="4" tag="082"><subfield code="a">410.9394</subfield><subfield code="b">R6724l</subfield></datafield><datafield ind1=" " ind2=" " tag="084"><subfield code="a">6,22</subfield><subfield code="2">ssgn</subfield></datafield><datafield ind1=" " ind2=" " tag="084"><subfield code="a">BC 7600</subfield><subfield code="2">rvk</subfield></datafield><datafield ind1="0" ind2="0" tag="245"><subfield code="a">Language, literature, and history</subfield><subfield code="b">philological and historical studies presented to Erica Reiner</subfield><subfield code="c">ed. by Francesca Rochberg-Halton</subfield></datafield><datafield ind1=" " ind2="1" tag="264"><subfield code="a">New Haven CT</subfield><subfield code="b">American Oriental Society</subfield><subfield code="c">1987</subfield></datafield><datafield ind1=" " ind2=" " tag="300"><subfield code="a">XII, 439 p.</subfield><subfield code="b">ill.</subfield><subfield code="c">26 cm</subfield></datafield><datafield ind1=" " ind2=" " tag="336"><subfield code="b">txt</subfield><subfield code="2">rdacontent</subfield></datafield><datafield ind1=" " ind2=" " tag="337"><subfield code="b">n</subfield><subfield code="2">rdamedia</subfield></datafield><datafield ind1=" " ind2=" " tag="338"><subfield code="b">nc</subfield><subfield code="2">rdacarrier</subfield></datafield><datafield ind1="1" ind2=" " tag="490"><subfield code="a">American oriental series</subfield><subfield code="v">vol. 67</subfield></datafield><datafield ind1=" " ind2=" " tag="500"><subfield code="a">Texte in dt., engl. und franz.</subfield></datafield><datafield ind1=" " ind2=" " tag="546"><subfield code="a">Beitr. engl. und dt.</subfield></datafield><datafield ind1="1" ind2="7" tag="600"><subfield code="a">Reiner, Erica</subfield><subfield code="v">Bibliographie</subfield><subfield code="2">idsbb</subfield></datafield><datafield ind1="1" ind2="7" tag="600"><subfield code="a">Reiner, Erica</subfield><subfield code="d">1924-2005</subfield><subfield code="0">(DE-588)11930404X</subfield><subfield code="2">gnd</subfield></datafield><datafield ind1="1" ind2="0" tag="600"><subfield code="a">Reiner, Erica</subfield><subfield code="d">1924-2005</subfield></datafield><datafield ind1=" " ind2="7" tag="650"><subfield code="a">Semitische Sprachen</subfield><subfield code="v">Forschungsbericht</subfield><subfield code="2">idsbb</subfield></datafield><datafield ind1=" " ind2="7" tag="650"><subfield code="a">Orientalische Sprachen</subfield><subfield code="v">Forschungsbericht</subfield><subfield code="2">idsbb</subfield></datafield><datafield ind1=" " ind2="7" tag="650"><subfield code="a">Orientalistik</subfield><subfield code="0">(DE-588)4172819-1</subfield><subfield code="2">gnd</subfield></datafield><datafield ind1=" " ind2="0" tag="650"><subfield code="a">Middle Eastern philology</subfield></datafield><datafield ind1=" " ind2="0" tag="651"><subfield code="a">Middle East</subfield><subfield code="x">Civilization</subfield><subfield code="y">To 622</subfield></datafield><datafield ind1=" " ind2="7" tag="655"><subfield code="a">Bibliografie</subfield><subfield code="2">gnd-content</subfield></datafield><datafield ind1=" " ind2="7" tag="655"><subfield code="a">Festschrift</subfield><subfield code="2">gnd-content</subfield></datafield><datafield ind1=" " ind2="7" tag="655"><subfield code="a">Aufsatzsammlung</subfield><subfield code="2">gnd-content</subfield></datafield><datafield ind1=" " ind2=" " tag="690"><subfield code="a">Alter Orient / Kultur</subfield><subfield code="2">uzb-Z9</subfield></datafield><datafield ind1=" " ind2=" " tag="690"><subfield code="a">Reiner, Erica</subfield><subfield code="2">uzb-Z9</subfield></datafield><datafield ind1="1" ind2=" " tag="700"><subfield code="a">Rochberg, Francesca</subfield><subfield code="d">1952-</subfield><subfield code="0">(DE-588)131527509</subfield></datafield><datafield ind1="1" ind2=" " tag="700"><subfield code="a">Reiner, Erica</subfield><subfield code="d">1924-2005</subfield><subfield code="0">(IDREF)028764838</subfield></datafield><datafield ind1="1" ind2=" " tag="700"><subfield code="a">Rochberg-Halton, Francesca</subfield><subfield code="0">(RERO)A003753014</subfield></datafield><datafield ind1=" " ind2="0" tag="830"><subfield code="a">Essay</subfield><subfield code="v">67</subfield><subfield code="w">(NEBIS)000989034EBI01</subfield></datafield><datafield ind1=" " ind2="0" tag="830"><subfield code="a">American Oriental Series</subfield><subfield code="v">67</subfield><subfield code="w">(RERO)0022357-41slsp</subfield></datafield><datafield ind1=" " ind2="0" tag="830"><subfield code="a">American Oriental series</subfield><subfield code="v">67</subfield><subfield code="w">(IDSBB)000337423DSV01</subfield></datafield><datafield ind1=" " ind2=" " tag="900"><subfield code="a">IDSZRMedeaZBZ</subfield></datafield></record>
</metadata></record>