<record><header><identifier>oai:alma.41SLSP_UGE:991000777329705502</identifier><datestamp>2023-03-01T01:10:18Z</datestamp><setSpec>uge_bcen_RapidILL_BOOK</setSpec><setSpec>uge_aaca_RapidILL_BOOK</setSpec><setSpec>uge_abels_RapidILL_BOOK</setSpec><setSpec>uge_dbu_RapidILL_BOOK</setSpec><setSpec>uge_cmu_RapidILL_BOOK</setSpec><setSpec>uge_mail_RapidILL_BOOK</setSpec><setSpec>UNIGE_ALL</setSpec><setSpec>uge_abbat_RapidILL_BOOK</setSpec><setSpec>uge_acar_RapidILL_BOOK</setSpec><setSpec>uge_aobs_RapidILL_BOOK</setSpec></header><metadata>
<record xmlns="http://www.loc.gov/MARC21/slim" xmlns:xsi="http://www.w3.org/2001/XMLSchema-instance" xsi:schemaLocation="http://www.loc.gov/MARC21/slim http://www.loc.gov/standards/marcxml/schema/MARC21slim.xsd"><leader>02247nam a2200349 c 4500</leader><controlfield tag="001">991000777329705502</controlfield><controlfield tag="005">20230207211710.0</controlfield><controlfield tag="008">200610s2020    fr            00| | fre d</controlfield><datafield ind1=" " ind2=" " tag="020"><subfield code="a">9782251450803</subfield><subfield code="q">rel.</subfield><subfield code="c">65 EUR</subfield></datafield><datafield ind1="7" ind2=" " tag="024"><subfield code="a">http://catalogue.bnf.fr/ark:/12148/cb46547258j</subfield><subfield code="2">uri</subfield></datafield><datafield ind1=" " ind2=" " tag="035"><subfield code="a">(swissbib)12653859X-41slsp_network</subfield></datafield><datafield ind1=" " ind2=" " tag="035"><subfield code="a">12653859X</subfield><subfield code="9">ExL</subfield></datafield><datafield ind1=" " ind2=" " tag="035"><subfield code="a">(RERO)R009049589-41slsp</subfield></datafield><datafield ind1=" " ind2=" " tag="035"><subfield code="a">(EXLNZ-41SLSP_NETWORK)991143216649705501</subfield></datafield><datafield ind1=" " ind2=" " tag="040"><subfield code="a">FRBNF</subfield><subfield code="d">CH-ZuSLS</subfield></datafield><datafield ind1="0" ind2=" " tag="041"><subfield code="a">fre</subfield><subfield code="a">grc</subfield></datafield><datafield ind1=" " ind2="7" tag="072"><subfield code="a">gr</subfield><subfield code="2">rero</subfield></datafield><datafield ind1="0" ind2="0" tag="245"><subfield code="a">&lt;&lt;Les&gt;&gt; lettres grecques</subfield><subfield code="b">anthologie de la littérature grecque d'Homère à Justinien : textes en grec ancien introduits et annotés</subfield><subfield code="c">sous la direction de Luigi-Alberto Sanchi ; avec la collab. d'Emmanuele Blanc et d'Odile Mortier-Waldschmidt</subfield></datafield><datafield ind1=" " ind2="1" tag="264"><subfield code="a">Paris</subfield><subfield code="b">Les Belles Lettres</subfield><subfield code="c">2020</subfield></datafield><datafield ind1=" " ind2=" " tag="300"><subfield code="a">1 vol. (1622 p.)</subfield><subfield code="b">ill.</subfield></datafield><datafield ind1=" " ind2=" " tag="336"><subfield code="b">txt</subfield><subfield code="2">rdacontent</subfield></datafield><datafield ind1=" " ind2=" " tag="337"><subfield code="b">n</subfield><subfield code="2">rdamedia</subfield></datafield><datafield ind1=" " ind2=" " tag="338"><subfield code="b">nc</subfield><subfield code="2">rdacarrier</subfield></datafield><datafield ind1="1" ind2=" " tag="490"><subfield code="a">Les classiques favoris</subfield><subfield code="v">vol. 7</subfield></datafield><datafield ind1=" " ind2=" " tag="500"><subfield code="a">Texte grec sans traduction</subfield></datafield><datafield ind1="8" ind2=" " tag="520"><subfield code="a">L'ambition des Lettres grecques est d'offrir au public helléniste la possibilité de tenir en main les trésors de la littérature grecque sans exclusion, permettant ainsi l'accès direct aux grands textes philosophiques comme historiques, mathématiques comme religieux, et aux chefs-d'œuvre épiques, lyriques et dramaturgiques. Il ne s'agit pas de tout mettre sur le même plan : certains auteurs occupent plusieurs dizaines de pages, d'autres sont seulement mentionnés dans une brève introduction de chapitre ou ne sont représentés que par un ou deux extraits. Inviter à leur lecture sans traduction en regard constitue un défi, dans le contexte de l'enseignement actuel, mais se veut également un signe d'espoir, du moins une marque de notre foi en l'avenir du grec. -- éditeur</subfield></datafield><datafield ind1=" " ind2="7" tag="650"><subfield code="a">Littérature grecque</subfield><subfield code="0">(IDREF)02723696X</subfield><subfield code="2">idref</subfield></datafield><datafield ind1="1" ind2=" " tag="700"><subfield code="a">Sanchi, Luigi-Alberto</subfield><subfield code="d">1971-....</subfield><subfield code="0">(IDREF)071400303</subfield><subfield code="4">edt</subfield></datafield><datafield ind1="1" ind2=" " tag="700"><subfield code="a">Blanc Emanuele</subfield><subfield code="d">Helléniste</subfield><subfield code="4">ctb</subfield></datafield><datafield ind1="1" ind2=" " tag="700"><subfield code="a">Mortier-Waldschmidt, Odile</subfield><subfield code="d">1946-....</subfield><subfield code="0">(IDREF)053425421</subfield><subfield code="4">ctb</subfield></datafield><datafield ind1=" " ind2=" " tag="830"><subfield code="a">&lt;&lt;Les&gt;&gt; classiques favoris</subfield><subfield code="v">7</subfield><subfield code="w">(RERO)R008628759-41slsp</subfield></datafield><datafield ind1=" " ind2=" " tag="900"><subfield code="a">REROnoselfmerge</subfield></datafield><datafield ind1=" " ind2=" " tag="910"><subfield code="a">BNF</subfield><subfield code="b">20200610</subfield><subfield code="c">Réutilisation sous conditions: Licence ouverte Etalab</subfield></datafield></record>
</metadata></record>