<record><header><identifier>oai:alma.41SLSP_UGE:991000776909705502</identifier><datestamp>2023-08-03T00:18:02Z</datestamp><setSpec>uge_bcen_RapidILL_BOOK</setSpec><setSpec>uge_aaca_RapidILL_BOOK</setSpec><setSpec>uge_abels_RapidILL_BOOK</setSpec><setSpec>uge_dbu_RapidILL_BOOK</setSpec><setSpec>uge_cmu_RapidILL_BOOK</setSpec><setSpec>uge_mail_RapidILL_BOOK</setSpec><setSpec>uge_abbat_RapidILL_BOOK</setSpec><setSpec>UNIGE_ALL</setSpec><setSpec>uge_acar_RapidILL_BOOK</setSpec><setSpec>uge_aobs_RapidILL_BOOK</setSpec></header><metadata>
<record xmlns="http://www.loc.gov/MARC21/slim" xmlns:xsi="http://www.w3.org/2001/XMLSchema-instance" xsi:schemaLocation="http://www.loc.gov/MARC21/slim http://www.loc.gov/standards/marcxml/schema/MARC21slim.xsd"><leader>01644nam a2200373 c 4500</leader><controlfield tag="001">991000776909705502</controlfield><controlfield tag="005">20230802162904.0</controlfield><controlfield tag="008">900612s1989    xxk||||| |||| 10| ||eng d</controlfield><datafield ind1=" " ind2=" " tag="020"><subfield code="a">0080373712</subfield></datafield><datafield ind1=" " ind2=" " tag="035"><subfield code="a">(swissbib)084745754-41slsp_network</subfield></datafield><datafield ind1=" " ind2=" " tag="035"><subfield code="a">084745754</subfield><subfield code="9">ExL</subfield></datafield><datafield ind1=" " ind2=" " tag="035"><subfield code="a">(RERO)1253491-41slsp</subfield></datafield><datafield ind1=" " ind2=" " tag="035"><subfield code="a">(EXLNZ-41SLSP_NETWORK)991048391559705501</subfield></datafield><datafield ind1=" " ind2=" " tag="040"><subfield code="a">RERO geusob</subfield><subfield code="d">CH-ZuSLS</subfield></datafield><datafield ind1=" " ind2="7" tag="072"><subfield code="a">as</subfield><subfield code="2">rero</subfield></datafield><datafield ind1="7" ind2="4" tag="082"><subfield code="a">520</subfield><subfield code="2">23sdnb</subfield></datafield><datafield ind1="0" ind2="0" tag="245"><subfield code="a">Solar physics in the 1990s</subfield><subfield code="b">proceedings of Workshop XV and of the COSPAR Interdisciplinary Scientific Commission E (Meeting E1) of the COSPAR Twenty-seventh Plenary meeting held in Espoo, Finland, 18-29 July 1988</subfield><subfield code="c">ed. by D. F. Neidig and H.S. Hudson</subfield></datafield><datafield ind1=" " ind2="1" tag="264"><subfield code="a">Oxford</subfield><subfield code="a">New York [etc.]</subfield><subfield code="b">Pergamon Press</subfield><subfield code="c">1989</subfield></datafield><datafield ind1=" " ind2=" " tag="300"><subfield code="a">VII, 279 p.</subfield><subfield code="b">ill.</subfield><subfield code="c">28 cm</subfield></datafield><datafield ind1=" " ind2=" " tag="336"><subfield code="b">txt</subfield><subfield code="2">rdacontent</subfield></datafield><datafield ind1=" " ind2=" " tag="337"><subfield code="b">n</subfield><subfield code="2">rdamedia</subfield></datafield><datafield ind1=" " ind2=" " tag="338"><subfield code="b">nc</subfield><subfield code="2">rdacarrier</subfield></datafield><datafield ind1="1" ind2=" " tag="490"><subfield code="a">Advances in space research</subfield><subfield code="v">Vol. 8, no. 11</subfield></datafield><datafield ind1=" " ind2="7" tag="650"><subfield code="a">Soleil</subfield><subfield code="0">(IDREF)02779864X</subfield><subfield code="2">idref</subfield></datafield><datafield ind1=" " ind2="7" tag="650"><subfield code="a">Sciences spatiales</subfield><subfield code="0">(IDREF)027247783</subfield><subfield code="2">idref</subfield></datafield><datafield ind1=" " ind2="7" tag="650"><subfield code="a">Sonnenaktivität</subfield><subfield code="2">gnd</subfield><subfield code="0">(DE-588)4181821-0</subfield></datafield><datafield ind1=" " ind2="7" tag="650"><subfield code="a">Astrophysik</subfield><subfield code="2">gnd</subfield><subfield code="0">(DE-588)4003326-0</subfield></datafield><datafield ind1=" " ind2="7" tag="655"><subfield code="a">Actes de congrès</subfield><subfield code="0">(IDREF)02886431X</subfield><subfield code="2">idref</subfield></datafield><datafield ind1="1" ind2=" " tag="700"><subfield code="a">Neidig, Donald F.</subfield><subfield code="d">19..-....</subfield><subfield code="0">(IDREF)271269065</subfield><subfield code="4">edt</subfield></datafield><datafield ind1="2" ind2=" " tag="710"><subfield code="a">COSPAR</subfield><subfield code="e">Plenary meeting</subfield><subfield code="n">27</subfield><subfield code="d">1988</subfield><subfield code="c">Espoo, Finlande</subfield><subfield code="0">(IDREF)197887333</subfield></datafield><datafield ind1="0" ind2=" " tag="773"><subfield code="t">Advances in space research</subfield><subfield code="g">vol.8 no.11(1988)</subfield><subfield code="g">yr:1988</subfield><subfield code="g">no:8</subfield><subfield code="w">(swissbib)12704387X-41slsp_network</subfield></datafield><datafield ind1="2" ind2=" " tag="711"><subfield code="a">COSPAR Plenary Meeting</subfield><subfield code="n">27.</subfield><subfield code="d">1988</subfield><subfield code="c">Espoo</subfield><subfield code="0">(DE-588)1108114318</subfield></datafield><datafield ind1=" " ind2="0" tag="830"><subfield code="a">Advances in space research</subfield><subfield code="v">8,11</subfield></datafield><datafield ind1=" " ind2=" " tag="900"><subfield code="a">Stoppsignal FRED</subfield><subfield code="x">UBE/E30/202207</subfield></datafield><datafield ind1=" " ind2=" " tag="900"><subfield code="a">REROnoselfmerge</subfield></datafield><datafield ind1=" " ind2=" " tag="961"><subfield code="2">ge-obs</subfield><subfield code="a">22.3</subfield><subfield code="9">local</subfield></datafield><datafield ind1=" " ind2=" " tag="961"><subfield code="2">ge-obs</subfield><subfield code="a">26.1</subfield><subfield code="9">local</subfield></datafield></record>
</metadata></record>