<record><header><identifier>oai:alma.41SLSP_UGE:991000802449705502</identifier><datestamp>2023-03-01T01:10:19Z</datestamp><setSpec>uge_bcen_RapidILL_BOOK</setSpec><setSpec>uge_aaca_RapidILL_BOOK</setSpec><setSpec>uge_abels_RapidILL_BOOK</setSpec><setSpec>uge_dbu_RapidILL_BOOK</setSpec><setSpec>uge_cmu_RapidILL_BOOK</setSpec><setSpec>uge_mail_RapidILL_BOOK</setSpec><setSpec>UNIGE_ALL</setSpec><setSpec>uge_abbat_RapidILL_BOOK</setSpec><setSpec>uge_aobs_RapidILL_BOOK</setSpec><setSpec>uge_acar_RapidILL_BOOK</setSpec></header><metadata>
<record xmlns="http://www.loc.gov/MARC21/slim" xmlns:xsi="http://www.w3.org/2001/XMLSchema-instance" xsi:schemaLocation="http://www.loc.gov/MARC21/slim http://www.loc.gov/standards/marcxml/schema/MARC21slim.xsd"><leader>01174nam a2200277 c 4500</leader><controlfield tag="001">991000802449705502</controlfield><controlfield tag="005">20201225192139.0</controlfield><controlfield tag="008">861219s1964    xxu||||| |||| 00| ||eng d</controlfield><datafield ind1=" " ind2=" " tag="035"><subfield code="a">(swissbib)08137125X-41slsp_network</subfield></datafield><datafield ind1=" " ind2=" " tag="035"><subfield code="a">08137125X</subfield><subfield code="9">ExL</subfield></datafield><datafield ind1=" " ind2=" " tag="035"><subfield code="a">(RERO)0789638-41slsp</subfield></datafield><datafield ind1=" " ind2=" " tag="035"><subfield code="a">(EXLNZ-41SLSP_NETWORK)991152953529705501</subfield></datafield><datafield ind1=" " ind2=" " tag="040"><subfield code="a">RERO geussc</subfield><subfield code="d">CH-ZuSLS</subfield></datafield><datafield ind1=" " ind2="7" tag="072"><subfield code="a">in</subfield><subfield code="2">rero</subfield></datafield><datafield ind1=" " ind2="7" tag="072"><subfield code="a">ch</subfield><subfield code="2">rero</subfield></datafield><datafield ind1="0" ind2="0" tag="245"><subfield code="a">New types of metal powders</subfield><subfield code="b">proceedings of a symposium sponsored by the Powder Metallurgy Committee, Institute of Metals Division, The Metallurgical Society, American Institute of Mining, Metallurgical and Petroleum Engineers, Cleveland, Ohio, October 24, 1963 ; ed. by Henry H. Hausner</subfield></datafield><datafield ind1=" " ind2="1" tag="264"><subfield code="a">New York [etc.]</subfield><subfield code="b">Gordon and Breach Science Publishers</subfield><subfield code="c">[1964]</subfield></datafield><datafield ind1=" " ind2="4" tag="264"><subfield code="c">© 1964</subfield></datafield><datafield ind1=" " ind2=" " tag="300"><subfield code="a">IX, 167 p.</subfield><subfield code="b">ill.</subfield><subfield code="c">24 cm</subfield></datafield><datafield ind1=" " ind2=" " tag="336"><subfield code="b">txt</subfield><subfield code="2">rdacontent</subfield></datafield><datafield ind1=" " ind2=" " tag="337"><subfield code="b">n</subfield><subfield code="2">rdamedia</subfield></datafield><datafield ind1=" " ind2=" " tag="338"><subfield code="b">nc</subfield><subfield code="2">rdacarrier</subfield></datafield><datafield ind1="1" ind2=" " tag="490"><subfield code="a">Metallurgical Society conferences</subfield><subfield code="v">vol. 23</subfield></datafield><datafield ind1=" " ind2=" " tag="500"><subfield code="a">Congrès de chimie. Cleveland Ohio. 1963</subfield></datafield><datafield ind1="1" ind2=" " tag="700"><subfield code="a">Hausner, Henry Herman</subfield><subfield code="d">1901-....</subfield><subfield code="0">(IDREF)068722036</subfield></datafield><datafield ind1=" " ind2=" " tag="830"><subfield code="a">Metallurgical Society conferences</subfield><subfield code="v">23</subfield><subfield code="w">(RERO)0789625-41slsp</subfield></datafield><datafield ind1=" " ind2=" " tag="900"><subfield code="a">REROnoselfmerge</subfield></datafield></record>
</metadata></record>