<record><header><identifier>oai:alma.41SLSP_UGE:991000802659705502</identifier><datestamp>2023-03-01T01:10:19Z</datestamp><setSpec>uge_bcen_RapidILL_BOOK</setSpec><setSpec>uge_aaca_RapidILL_BOOK</setSpec><setSpec>uge_abels_RapidILL_BOOK</setSpec><setSpec>uge_dbu_RapidILL_BOOK</setSpec><setSpec>uge_cmu_RapidILL_BOOK</setSpec><setSpec>uge_mail_RapidILL_BOOK</setSpec><setSpec>UNIGE_ALL</setSpec><setSpec>uge_abbat_RapidILL_BOOK</setSpec><setSpec>uge_aobs_RapidILL_BOOK</setSpec><setSpec>uge_acar_RapidILL_BOOK</setSpec></header><metadata>
<record xmlns="http://www.loc.gov/MARC21/slim" xmlns:xsi="http://www.w3.org/2001/XMLSchema-instance" xsi:schemaLocation="http://www.loc.gov/MARC21/slim http://www.loc.gov/standards/marcxml/schema/MARC21slim.xsd"><leader>01628nam a2200325 c 4500</leader><controlfield tag="001">991000802659705502</controlfield><controlfield tag="005">20201227173020.0</controlfield><controlfield tag="008">170505s1963    fr ||||| |||| 00| ||fre d</controlfield><datafield ind1="7" ind2=" " tag="024"><subfield code="a">http://catalogue.bnf.fr/ark:/12148/cb332022930</subfield><subfield code="2">uri</subfield></datafield><datafield ind1=" " ind2=" " tag="035"><subfield code="a">(swissbib)123836301-41slsp_network</subfield></datafield><datafield ind1=" " ind2=" " tag="035"><subfield code="a">123836301</subfield><subfield code="9">ExL</subfield></datafield><datafield ind1=" " ind2=" " tag="035"><subfield code="a">(RERO)R008639775-41slsp</subfield></datafield><datafield ind1=" " ind2=" " tag="035"><subfield code="a">(EXLNZ-41SLSP_NETWORK)991160752899705501</subfield></datafield><datafield ind1=" " ind2=" " tag="040"><subfield code="a">RERO geusst</subfield><subfield code="d">CH-ZuSLS</subfield></datafield><datafield ind1=" " ind2="7" tag="072"><subfield code="a">st</subfield><subfield code="2">rero</subfield></datafield><datafield ind1="1" ind2=" " tag="100"><subfield code="a">David, Louis</subfield><subfield code="c">géologue</subfield><subfield code="d">1927-2016</subfield><subfield code="0">(IDREF)029043808</subfield><subfield code="4">cre</subfield></datafield><datafield ind1="1" ind2="0" tag="245"><subfield code="a">Catalogue des &quot;types&quot; et &quot;figures&quot; conservés à la Faculté des sciences de Lyon</subfield><subfield code="n">1e liste.</subfield><subfield code="p">Gastéropodes secondaires</subfield><subfield code="c">par L. David</subfield></datafield><datafield ind1="1" ind2=" " tag="246"><subfield code="a">Gastéropodes secondaires</subfield></datafield><datafield ind1=" " ind2="1" tag="264"><subfield code="a">Lyon</subfield><subfield code="b">Département des sciences de la terre de la Faculté des sciences de Lyon</subfield><subfield code="c">1963</subfield></datafield><datafield ind1=" " ind2=" " tag="300"><subfield code="a">152 p.</subfield><subfield code="c">27 cm</subfield></datafield><datafield ind1=" " ind2=" " tag="336"><subfield code="b">txt</subfield><subfield code="2">rdacontent</subfield></datafield><datafield ind1=" " ind2=" " tag="337"><subfield code="b">n</subfield><subfield code="2">rdamedia</subfield></datafield><datafield ind1=" " ind2=" " tag="338"><subfield code="b">nc</subfield><subfield code="2">rdacarrier</subfield></datafield><datafield ind1="1" ind2=" " tag="490"><subfield code="a">Documents des Laboratoires de géologie de la Faculté des sciences de Lyon</subfield><subfield code="v">no 2</subfield></datafield><datafield ind1="1" ind2=" " tag="490"><subfield code="a">Catalogue des &quot;types&quot; et &quot;figurés&quot; conservés au Département des sciences de la terre de l'Université Claude Bernard - Lyon 1</subfield><subfield code="v">liste 1</subfield></datafield><datafield ind1=" " ind2=" " tag="500"><subfield code="a">La couv porte: Gastropodes prosobranches secondaires</subfield></datafield><datafield ind1=" " ind2=" " tag="504"><subfield code="a">Index</subfield></datafield><datafield ind1="2" ind2=" " tag="710"><subfield code="a">Laboratoires de géologie</subfield><subfield code="g">Villeurbanne, Rhône</subfield><subfield code="0">(IDREF)026566095</subfield></datafield><datafield ind1=" " ind2=" " tag="830"><subfield code="a">Documents des Laboratoires de géologie de la Faculté des sciences de Lyon</subfield><subfield code="v">2</subfield><subfield code="w">(RERO)1027641-41slsp</subfield></datafield><datafield ind1=" " ind2=" " tag="830"><subfield code="a">Catalogue des &quot;types&quot; et &quot;figurés&quot; conservés au Département des sciences de la terre de l'Université Claude Bernard - Lyon 1</subfield><subfield code="v">1</subfield><subfield code="w">(RERO)R003369526-41slsp</subfield></datafield><datafield ind1=" " ind2=" " tag="900"><subfield code="a">REROnoselfmerge</subfield></datafield></record>
</metadata></record>