<record><header><identifier>oai:alma.41SLSP_UGE:991000803189705502</identifier><datestamp>2024-11-15T01:09:57Z</datestamp><setSpec>uge_bcen_RapidILL_BOOK</setSpec><setSpec>uge_aaca_RapidILL_BOOK</setSpec><setSpec>uge_abels_RapidILL_BOOK</setSpec><setSpec>uge_dbu_RapidILL_BOOK</setSpec><setSpec>uge_cmu_RapidILL_BOOK</setSpec><setSpec>uge_mail_RapidILL_BOOK</setSpec><setSpec>uge_abbat_RapidILL_BOOK</setSpec><setSpec>UNIGE_ALL</setSpec><setSpec>uge_acar_RapidILL_BOOK</setSpec><setSpec>uge_aobs_RapidILL_BOOK</setSpec></header><metadata>
<record xmlns="http://www.loc.gov/MARC21/slim" xmlns:xsi="http://www.w3.org/2001/XMLSchema-instance" xsi:schemaLocation="http://www.loc.gov/MARC21/slim http://www.loc.gov/standards/marcxml/schema/MARC21slim.xsd"><leader>03993nam a2200997 c 4500</leader><controlfield tag="001">991000803189705502</controlfield><controlfield tag="005">20241114200003.0</controlfield><controlfield tag="008">201011s2002    gw            00| | ger  </controlfield><datafield ind1=" " ind2=" " tag="015"><subfield code="a">GFR-CIP-01,N36</subfield><subfield code="a">DNB-01,N36,0619</subfield></datafield><datafield ind1=" " ind2=" " tag="020"><subfield code="a">3764365412</subfield><subfield code="q">Pp.</subfield><subfield code="c">ca. DM 44.00, ca. S 321.00, sfr ca. 34.00</subfield></datafield><datafield ind1="7" ind2=" " tag="024"><subfield code="a">http://catalogue.bnf.fr/ark:/12148/cb39984736q</subfield><subfield code="2">uri</subfield></datafield><datafield ind1=" " ind2=" " tag="035"><subfield code="a">(swissbib)223193186-41slsp_network</subfield></datafield><datafield ind1=" " ind2=" " tag="035"><subfield code="a">223193186</subfield><subfield code="9">ExL</subfield></datafield><datafield ind1=" " ind2=" " tag="035"><subfield code="a">(NEBIS)004199734EBI01</subfield></datafield><datafield ind1=" " ind2=" " tag="035"><subfield code="a">(RERO)R003276947-41slsp</subfield></datafield><datafield ind1=" " ind2=" " tag="035"><subfield code="a">(SBT)000257029SBT01</subfield></datafield><datafield ind1=" " ind2=" " tag="035"><subfield code="a">(IDSBB)002689607DSV01</subfield></datafield><datafield ind1=" " ind2=" " tag="035"><subfield code="a">(IDSLU)000239665ILU01</subfield></datafield><datafield ind1=" " ind2=" " tag="035"><subfield code="a">(CH-UniLiZuSLS)991090179449705501</subfield></datafield><datafield ind1=" " ind2=" " tag="035"><subfield code="a">(UNILI)000186128LLB01</subfield></datafield><datafield ind1=" " ind2=" " tag="035"><subfield code="a">(EXLNZ-41SLSP_NETWORK)991090179449705501</subfield></datafield><datafield ind1=" " ind2=" " tag="040"><subfield code="a">DDB</subfield><subfield code="d">CH-ZuSLS</subfield></datafield><datafield ind1="1" ind2=" " tag="041"><subfield code="a">ger</subfield><subfield code="a">eng</subfield><subfield code="h">ger</subfield></datafield><datafield ind1=" " ind2=" " tag="044"><subfield code="a">sz</subfield><subfield code="c">ch-bs</subfield></datafield><datafield ind1=" " ind2="7" tag="072"><subfield code="a">at</subfield><subfield code="2">rero</subfield></datafield><datafield ind1=" " ind2="7" tag="072"><subfield code="a">ac</subfield><subfield code="2">SzZuIDS BS/BE</subfield></datafield><datafield ind1=" " ind2="7" tag="072"><subfield code="a">450</subfield><subfield code="2">IDS LU</subfield></datafield><datafield ind1="0" ind2="4" tag="082"><subfield code="a">724.6</subfield><subfield code="2">22</subfield></datafield><datafield ind1="0" ind2="4" tag="082"><subfield code="a">720.9494</subfield></datafield><datafield ind1=" " ind2=" " tag="084"><subfield code="a">45</subfield><subfield code="2">sdnb</subfield></datafield><datafield ind1=" " ind2=" " tag="084"><subfield code="a">9,10</subfield><subfield code="2">ssgn</subfield></datafield><datafield ind1=" " ind2=" " tag="084"><subfield code="a">LI 85680</subfield><subfield code="2">rvk</subfield></datafield><datafield ind1="1" ind2=" " tag="100"><subfield code="6">880-01</subfield><subfield code="a">Blaser, Werner</subfield><subfield code="d">1924-2019</subfield><subfield code="0">(DE-588)119061732</subfield></datafield><datafield ind1="1" ind2=" " tag="880"><subfield code="6">100-01</subfield><subfield code="a">Blaser, Werner</subfield><subfield code="0">(RERO)A003012998</subfield><subfield code="4">cre</subfield></datafield><datafield ind1="1" ind2="0" tag="245"><subfield code="a">Natur im Gebauten</subfield><subfield code="b">Rudolf Steiner in Dornach = Nature in building</subfield><subfield code="c">Werner Blaser</subfield></datafield><datafield ind1="1" ind2="3" tag="246"><subfield code="a">Rudolf Steiner in Dornach</subfield></datafield><datafield ind1="1" ind2="1" tag="246"><subfield code="a">Nature in building</subfield></datafield><datafield ind1=" " ind2="1" tag="264"><subfield code="a">Basel</subfield><subfield code="b">Birkhäuser - Publishers for Architecture</subfield><subfield code="c">2002</subfield></datafield><datafield ind1=" " ind2=" " tag="300"><subfield code="a">128 S.</subfield><subfield code="b">vorw. Ill.</subfield><subfield code="c">25 cm</subfield></datafield><datafield ind1=" " ind2=" " tag="336"><subfield code="b">txt</subfield><subfield code="2">rdacontent</subfield></datafield><datafield ind1=" " ind2=" " tag="337"><subfield code="b">n</subfield><subfield code="2">rdamedia</subfield></datafield><datafield ind1=" " ind2=" " tag="338"><subfield code="b">nc</subfield><subfield code="2">rdacarrier</subfield></datafield><datafield ind1=" " ind2=" " tag="500"><subfield code="a">Text dt. und engl.</subfield></datafield><datafield ind1=" " ind2=" " tag="500"><subfield code="a">Texte en allemand avec traduction anglaise en regard</subfield></datafield><datafield ind1=" " ind2=" " tag="500"><subfield code="a">Testo in tedesco e inglese</subfield></datafield><datafield ind1=" " ind2=" " tag="500"><subfield code="a">Deutscher Originaltext mit engl. Ubersetzung</subfield></datafield><datafield ind1="1" ind2="0" tag="600"><subfield code="a">Steiner, Rudolf</subfield><subfield code="d">1861-1925</subfield></datafield><datafield ind1="1" ind2="7" tag="600"><subfield code="a">Steiner, Rudolf</subfield><subfield code="d">1861-1925</subfield><subfield code="0">(IDREF)02714819X</subfield><subfield code="2">idref</subfield></datafield><datafield ind1="1" ind2="7" tag="600"><subfield code="a">Steiner, Rudolf</subfield><subfield code="x">Architektur</subfield><subfield code="2">idsbb</subfield></datafield><datafield ind1="1" ind2="7" tag="600"><subfield code="a">Steiner, Rudolf</subfield><subfield code="d">1861-1925</subfield><subfield code="0">(DE-588)118617443</subfield><subfield code="2">gnd</subfield></datafield><datafield ind1="1" ind2="7" tag="600"><subfield code="a">Steiner, Rudolf</subfield><subfield code="2">sbt12</subfield></datafield><datafield ind1="2" ind2="0" tag="610"><subfield code="a">Goetheanum</subfield></datafield><datafield ind1="2" ind2="7" tag="610"><subfield code="a">Anthroposophische Gesellschaft</subfield><subfield code="0">(DE-588)1003866-8</subfield><subfield code="2">gnd</subfield></datafield><datafield ind1=" " ind2="7" tag="650"><subfield code="a">Anthroposophie</subfield><subfield code="2">idszbz</subfield></datafield><datafield ind1=" " ind2="7" tag="650"><subfield code="a">Architektur</subfield><subfield code="2">idszbz</subfield></datafield><datafield ind1=" " ind2="7" tag="650"><subfield code="a">Organische Architektur</subfield><subfield code="2">idszbz</subfield></datafield><datafield ind1=" " ind2="0" tag="650"><subfield code="a">Architecture and anthroposophy</subfield></datafield><datafield ind1=" " ind2="0" tag="650"><subfield code="a">Architecture</subfield><subfield code="z">Switzerland</subfield><subfield code="z">Dornach</subfield><subfield code="y">20th century</subfield></datafield><datafield ind1=" " ind2="0" tag="650"><subfield code="a">Organic architecture</subfield><subfield code="z">Switzerland</subfield><subfield code="z">Dornach</subfield></datafield><datafield ind1=" " ind2="7" tag="650"><subfield code="a">ANTHROPOSOPHISCHE ARCHITEKTUR</subfield><subfield code="9">ger</subfield><subfield code="0">(ETHUDK)000048475</subfield><subfield code="2">ethudk</subfield></datafield><datafield ind1=" " ind2="7" tag="650"><subfield code="a">DORNACH (KANTON SOLOTHURN)</subfield><subfield code="9">ger</subfield><subfield code="0">(ETHUDK)000005475</subfield><subfield code="2">ethudk</subfield></datafield><datafield ind1=" " ind2="7" tag="650"><subfield code="a">KULTURELLE ZENTREN (ARCHITEKTUR)</subfield><subfield code="9">ger</subfield><subfield code="0">(ETHUDK)000056707</subfield><subfield code="2">ethudk</subfield></datafield><datafield ind1=" " ind2="7" tag="650"><subfield code="a">VERSAMMLUNGSGEBÄUDE (ARCHITEKTUR)</subfield><subfield code="9">ger</subfield><subfield code="0">(ETHUDK)000035611</subfield><subfield code="2">ethudk</subfield></datafield><datafield ind1=" " ind2="7" tag="650"><subfield code="a">1913-1925</subfield><subfield code="2">rero</subfield></datafield><datafield ind1=" " ind2="7" tag="650"><subfield code="a">Architektur</subfield><subfield code="0">(DE-588)4002851-3</subfield><subfield code="2">gnd</subfield></datafield><datafield ind1=" " ind2="7" tag="651"><subfield code="a">Dornach; Goetheanum</subfield><subfield code="2">idszbz</subfield></datafield><datafield ind1=" " ind2="0" tag="651"><subfield code="a">Dornach (Switzerland)</subfield><subfield code="x">Buildings, structures, etc</subfield></datafield><datafield ind1=" " ind2="7" tag="651"><subfield code="a">Dornach (Suisse)</subfield><subfield code="0">(RERO)A010211962</subfield><subfield code="2">rero</subfield></datafield><datafield ind1=" " ind2="7" tag="651"><subfield code="a">Arlesheim</subfield><subfield code="x">Haus</subfield><subfield code="2">idsbb</subfield></datafield><datafield ind1=" " ind2="7" tag="651"><subfield code="a">Dornach</subfield><subfield code="x">Haus</subfield><subfield code="2">idsbb</subfield></datafield><datafield ind1=" " ind2="7" tag="651"><subfield code="a">Dornach</subfield><subfield code="0">(DE-588)4012790-4</subfield><subfield code="2">gnd</subfield></datafield><datafield ind1=" " ind2=" " tag="690"><subfield code="a">Anthroposophie</subfield><subfield code="x">Architektur</subfield><subfield code="2">nebis-E4</subfield></datafield><datafield ind1=" " ind2=" " tag="690"><subfield code="a">Dornach</subfield><subfield code="x">Architektur</subfield><subfield code="2">nebis-E4</subfield></datafield><datafield ind1=" " ind2=" " tag="690"><subfield code="a">Natur (Motiv)</subfield><subfield code="x">Architektur</subfield><subfield code="2">nebis-E4</subfield></datafield><datafield ind1=" " ind2=" " tag="690"><subfield code="a">Steiner, Rudolf</subfield><subfield code="c">Philosoph, Schriftsteller, Anthroposoph, Oesterreich, Deutschland, Schweiz</subfield><subfield code="d">1861 - 1925</subfield><subfield code="z">ger</subfield><subfield code="2">nebis-E4</subfield></datafield><datafield ind1=" " ind2=" " tag="691"><subfield code="e">10.2.1</subfield><subfield code="2">zbs-bib</subfield></datafield><datafield ind1=" " ind2=" " tag="691"><subfield code="e">7.6</subfield><subfield code="2">zbs-bib</subfield></datafield><datafield ind1=" " ind2=" " tag="691"><subfield code="e">11</subfield><subfield code="a">Steiner, Rudolf. 1861-1925</subfield><subfield code="2">zbs-bib</subfield></datafield><datafield ind1=" " ind2=" " tag="691"><subfield code="e">12</subfield><subfield code="a">Dornach</subfield><subfield code="2">zbs-bib</subfield></datafield><datafield ind1=" " ind2=" " tag="691"><subfield code="e">720.030</subfield><subfield code="2">usi-TM</subfield></datafield><datafield ind1="1" ind2="2" tag="700"><subfield code="a">Blaser, Werner</subfield><subfield code="t">Nature in building</subfield></datafield><datafield ind1="1" ind2=" " tag="700"><subfield code="a">Steiner, Rudolf</subfield><subfield code="d">1861-1925</subfield><subfield code="6">880-02</subfield><subfield code="0">(DE-588)118617443</subfield></datafield><datafield ind1="1" ind2=" " tag="880"><subfield code="6">700-02</subfield><subfield code="a">Steiner, Rudolf</subfield><subfield code="0">(SBT11)000007167</subfield></datafield><datafield ind1="4" ind2=" " tag="856"><subfield code="3">Abstract / Autoreninformation</subfield><subfield code="u">https://toc.library.ethz.ch/objects/pdf/000088375_e01_3764365412_02.pdf</subfield><subfield code="q">pdf</subfield></datafield><datafield ind1=" " ind2=" " tag="900"><subfield code="a">IDSE5E86ANH-2010</subfield></datafield><datafield ind1=" " ind2=" " tag="900"><subfield code="a">IDSZ2zbzmon200305l</subfield><subfield code="c">IDSZ2meyc</subfield><subfield code="d">IDSZ2zbzswk200305b</subfield><subfield code="e">IDSZ2kotr</subfield></datafield><datafield ind1=" " ind2=" " tag="900"><subfield code="a">REROnoselfmerge</subfield></datafield></record>
</metadata></record>