<record><header><identifier>oai:alma.41SLSP_UGE:991000802979705502</identifier><datestamp>2023-03-27T00:22:43Z</datestamp><setSpec>uge_bcen_RapidILL_BOOK</setSpec><setSpec>uge_aaca_RapidILL_BOOK</setSpec><setSpec>uge_abels_RapidILL_BOOK</setSpec><setSpec>uge_dbu_RapidILL_BOOK</setSpec><setSpec>uge_cmu_RapidILL_BOOK</setSpec><setSpec>uge_mail_RapidILL_BOOK</setSpec><setSpec>uge_abbat_RapidILL_BOOK</setSpec><setSpec>UNIGE_ALL</setSpec><setSpec>uge_acar_RapidILL_BOOK</setSpec><setSpec>uge_aobs_RapidILL_BOOK</setSpec></header><metadata>
<record xmlns="http://www.loc.gov/MARC21/slim" xmlns:xsi="http://www.w3.org/2001/XMLSchema-instance" xsi:schemaLocation="http://www.loc.gov/MARC21/slim http://www.loc.gov/standards/marcxml/schema/MARC21slim.xsd"><leader>03068nam a2200565 c 4500</leader><controlfield tag="001">991000802979705502</controlfield><controlfield tag="005">20230325205703.0</controlfield><controlfield tag="008">201011s2008    xxu||||| |||| 00| ||eng d</controlfield><datafield ind1=" " ind2=" " tag="020"><subfield code="a">0521855039</subfield><subfield code="q">hardback</subfield></datafield><datafield ind1=" " ind2=" " tag="020"><subfield code="a">9780521855037</subfield><subfield code="q">hardback</subfield></datafield><datafield ind1="7" ind2=" " tag="024"><subfield code="a">http://catalogue.bnf.fr/ark:/12148/cb39227512f</subfield><subfield code="2">uri</subfield></datafield><datafield ind1=" " ind2=" " tag="035"><subfield code="a">(swissbib)221941177-41slsp_network</subfield></datafield><datafield ind1=" " ind2=" " tag="035"><subfield code="a">221941177</subfield><subfield code="9">ExL</subfield></datafield><datafield ind1=" " ind2=" " tag="035"><subfield code="a">(RERO)R004721448-41slsp</subfield></datafield><datafield ind1=" " ind2=" " tag="035"><subfield code="a">(IDSBB)004284789DSV01</subfield></datafield><datafield ind1=" " ind2=" " tag="035"><subfield code="a">(EXLNZ-41SLSP_NETWORK)991122229989705501</subfield></datafield><datafield ind1=" " ind2=" " tag="040"><subfield code="a">DLC</subfield><subfield code="d">CH-ZuSLS</subfield></datafield><datafield ind1="0" ind2="0" tag="050"><subfield code="a">GN774.2.A1</subfield><subfield code="b">M46 2008</subfield></datafield><datafield ind1=" " ind2="7" tag="072"><subfield code="a">ar</subfield><subfield code="2">rero</subfield></datafield><datafield ind1=" " ind2="7" tag="072"><subfield code="a">ur</subfield><subfield code="2">SzZuIDS BS/BE</subfield></datafield><datafield ind1="0" ind2="0" tag="082"><subfield code="a">936</subfield><subfield code="2">22</subfield></datafield><datafield ind1="1" ind2="4" tag="082"><subfield code="a">930</subfield><subfield code="2">15</subfield></datafield><datafield ind1=" " ind2=" " tag="084"><subfield code="a">NF 2020</subfield><subfield code="2">rvk</subfield></datafield><datafield ind1="0" ind2="0" tag="245"><subfield code="a">Mesolithic Europe</subfield><subfield code="c">ed. by Geoff Bailey, Penny Spikins</subfield></datafield><datafield ind1=" " ind2="1" tag="264"><subfield code="a">New York</subfield><subfield code="b">Cambridge University Press</subfield><subfield code="c">2008</subfield></datafield><datafield ind1=" " ind2=" " tag="300"><subfield code="a">xviii, 467 p.</subfield><subfield code="b">ill., maps</subfield><subfield code="c">27 cm</subfield></datafield><datafield ind1=" " ind2=" " tag="336"><subfield code="b">txt</subfield><subfield code="2">rdacontent</subfield></datafield><datafield ind1=" " ind2=" " tag="337"><subfield code="b">n</subfield><subfield code="2">rdamedia</subfield></datafield><datafield ind1=" " ind2=" " tag="338"><subfield code="b">nc</subfield><subfield code="2">rdacarrier</subfield></datafield><datafield ind1=" " ind2=" " tag="504"><subfield code="a">Includes bibliographical references (p. 375-452) and index</subfield></datafield><datafield ind1="0" ind2=" " tag="505"><subfield code="a">Mesolithic Europe : glimpses of another world / Penny Spikins -- Innovating hunter-gatherers : the Mesolithic in the Baltic / Marek Zvelebil -- Norwegian Mesolithic trends : a review / Hein Bjartmann Bjerck -- Southern Scandinavia / Hans Peter Blankholm -- Mesolithic Britain / Chris Tolan-Smith -- New developments in the study of the Mesolithic of the Low Countries / Leo Verhart -- The Mesolithic in France / Nicolas Valdeyron -- The Mesolithic of the upper Danube and upper Rhine / Michael A. Jochim -- The Mesolithic of the middle Danube and upper Elbe rivers / Jiří A. Svoboda -- The Mesolithic of the Iron Gates / Clive Bonsall -- The Mesolithic of European Russia, Belarus, and the Ukraine / Pavel Doluckhanov -- The Mesolithic of Atlantic Iberia / Lawrence Guy Straus -- The coastal Mesolithic of the European Mediterranean / Mark Pluciennik -- Mesolithic Europe : overview and new problems / Geoff Bailey</subfield></datafield><datafield ind1=" " ind2="0" tag="650"><subfield code="a">Agriculture, Prehistoric</subfield><subfield code="z">Europe</subfield></datafield><datafield ind1=" " ind2="0" tag="650"><subfield code="a">Hunting and gathering societies</subfield><subfield code="z">Europe</subfield></datafield><datafield ind1=" " ind2="0" tag="650"><subfield code="a">Mesolithic period</subfield><subfield code="z">Europe</subfield></datafield><datafield ind1=" " ind2="0" tag="650"><subfield code="a">Prehistoric peoples</subfield><subfield code="z">Europe</subfield></datafield><datafield ind1=" " ind2="7" tag="650"><subfield code="a">Agriculture</subfield><subfield code="0">(IDREF)027269892</subfield><subfield code="2">idref</subfield></datafield><datafield ind1=" " ind2="7" tag="650"><subfield code="a">Mésolithique</subfield><subfield code="0">(IDREF)027578925</subfield><subfield code="2">idref</subfield></datafield><datafield ind1=" " ind2="7" tag="650"><subfield code="a">Chasseurs-cueilleurs</subfield><subfield code="0">(IDREF)027564665</subfield><subfield code="2">idref</subfield></datafield><datafield ind1=" " ind2="7" tag="650"><subfield code="a">Mittelsteinzeit</subfield><subfield code="z">Europa</subfield><subfield code="2">idsbb</subfield></datafield><datafield ind1=" " ind2="0" tag="651"><subfield code="a">Europe</subfield><subfield code="x">Antiquities</subfield></datafield><datafield ind1=" " ind2="7" tag="651"><subfield code="a">Europe du Nord-Ouest</subfield><subfield code="0">(IDREF)028504690</subfield><subfield code="2">idref</subfield></datafield><datafield ind1=" " ind2="7" tag="655"><subfield code="a">[Études diverses]</subfield><subfield code="0">(RERO)A022249905</subfield><subfield code="2">rero</subfield></datafield><datafield ind1=" " ind2=" " tag="690"><subfield code="a">Mesolithikum - Europa</subfield><subfield code="2">ubs-A8</subfield></datafield><datafield ind1=" " ind2=" " tag="690"><subfield code="a">Archäologie - Mesolithikum - Europa</subfield><subfield code="2">ubs-A8</subfield></datafield><datafield ind1="1" ind2=" " tag="700"><subfield code="a">Spikins, Penny</subfield><subfield code="c">archéologue</subfield><subfield code="0">(IDREF)055837972</subfield></datafield><datafield ind1="1" ind2=" " tag="700"><subfield code="a">Bailey, Geoff N.</subfield><subfield code="d">1948-</subfield><subfield code="0">(DE-588)135872383</subfield><subfield code="6">880-03</subfield></datafield><datafield ind1="1" ind2=" " tag="880"><subfield code="6">700-03</subfield><subfield code="a">Bailey, Geoff</subfield><subfield code="d">1948-....</subfield><subfield code="0">(IDREF)085937401</subfield></datafield><datafield ind1="4" ind2="2" tag="856"><subfield code="u">http://www.loc.gov/catdir/enhancements/fy0729/2007007409-b.html</subfield></datafield><datafield ind1="4" ind2="2" tag="856"><subfield code="u">http://www.loc.gov/catdir/enhancements/fy0729/2007007409-d.html</subfield></datafield><datafield ind1="4" ind2="2" tag="856"><subfield code="u">http://www.loc.gov/catdir/toc/ecip0711/2007007409.html</subfield></datafield><datafield ind1=" " ind2=" " tag="900"><subfield code="a">REROnoselfmerge</subfield></datafield></record>
</metadata></record>