<record><header><identifier>oai:alma.41SLSP_UGE:991000803059705502</identifier><datestamp>2024-07-27T01:57:52Z</datestamp><setSpec>uge_bcen_RapidILL_BOOK</setSpec><setSpec>uge_aaca_RapidILL_BOOK</setSpec><setSpec>uge_abels_RapidILL_BOOK</setSpec><setSpec>uge_dbu_RapidILL_BOOK</setSpec><setSpec>uge_cmu_RapidILL_BOOK</setSpec><setSpec>uge_mail_RapidILL_BOOK</setSpec><setSpec>uge_abbat_RapidILL_BOOK</setSpec><setSpec>UNIGE_ALL</setSpec><setSpec>uge_acar_RapidILL_BOOK</setSpec><setSpec>uge_aobs_RapidILL_BOOK</setSpec></header><metadata>
<record xmlns="http://www.loc.gov/MARC21/slim" xmlns:xsi="http://www.w3.org/2001/XMLSchema-instance" xsi:schemaLocation="http://www.loc.gov/MARC21/slim http://www.loc.gov/standards/marcxml/schema/MARC21slim.xsd"><leader>05420nam a2200733 c 4500</leader><controlfield tag="001">991000803059705502</controlfield><controlfield tag="005">20230630221707.0</controlfield><controlfield tag="008">201011s2001    sz ||||| |||| 01| ||ger d</controlfield><datafield ind1=" " ind2=" " tag="015"><subfield code="a">GFR-DNB-01,A39,0537</subfield></datafield><datafield ind1="7" ind2=" " tag="016"><subfield code="a">962131857</subfield><subfield code="2">GyFmDB</subfield></datafield><datafield ind1=" " ind2=" " tag="019"><subfield code="a">Notices analytiques</subfield><subfield code="5">RERO/geubfd/08.2001</subfield></datafield><datafield ind1=" " ind2=" " tag="020"><subfield code="a">3725542074</subfield><subfield code="q">Pp.</subfield><subfield code="c">DM 90.00 / CHF 72.00</subfield></datafield><datafield ind1=" " ind2=" " tag="035"><subfield code="a">(swissbib)220356602-41slsp_network</subfield></datafield><datafield ind1=" " ind2=" " tag="035"><subfield code="a">220356602</subfield><subfield code="9">ExL</subfield></datafield><datafield ind1=" " ind2=" " tag="035"><subfield code="a">(RERO)R003077611-41slsp</subfield></datafield><datafield ind1=" " ind2=" " tag="035"><subfield code="a">(IDSBB)002411278DSV01</subfield></datafield><datafield ind1=" " ind2=" " tag="035"><subfield code="a">(IDSLU)000222175ILU01</subfield></datafield><datafield ind1=" " ind2=" " tag="035"><subfield code="a">(IDSSG)000241625HSB01</subfield></datafield><datafield ind1=" " ind2=" " tag="035"><subfield code="a">(EXLNZ-41SLSP_NETWORK)991085876549705501</subfield></datafield><datafield ind1=" " ind2=" " tag="040"><subfield code="a">RERO geubfd</subfield><subfield code="d">CH-ZuSLS</subfield></datafield><datafield ind1=" " ind2=" " tag="044"><subfield code="a">sz</subfield><subfield code="c">ch-zh</subfield></datafield><datafield ind1=" " ind2="7" tag="072"><subfield code="a">dr</subfield><subfield code="2">rero</subfield></datafield><datafield ind1=" " ind2="7" tag="072"><subfield code="a">rw</subfield><subfield code="2">SzZuIDS BS/BE</subfield></datafield><datafield ind1=" " ind2="7" tag="072"><subfield code="a">800</subfield><subfield code="2">IDS LU</subfield></datafield><datafield ind1="1" ind2="4" tag="082"><subfield code="a">340</subfield><subfield code="2">15</subfield></datafield><datafield ind1=" " ind2=" " tag="084"><subfield code="a">A 15.1 g SIEH</subfield><subfield code="2">cjurrom</subfield></datafield><datafield ind1=" " ind2=" " tag="084"><subfield code="a">A 29 g</subfield><subfield code="2">cjurrom</subfield></datafield><datafield ind1=" " ind2=" " tag="084"><subfield code="a">A 26 g</subfield><subfield code="2">cjurrom</subfield></datafield><datafield ind1=" " ind2=" " tag="084"><subfield code="a">A 61 g</subfield><subfield code="2">cjurrom</subfield></datafield><datafield ind1=" " ind2=" " tag="084"><subfield code="a">A 63 g</subfield><subfield code="2">cjurrom</subfield></datafield><datafield ind1=" " ind2=" " tag="084"><subfield code="a">17</subfield><subfield code="a">19</subfield><subfield code="2">sdnb</subfield></datafield><datafield ind1=" " ind2=" " tag="084"><subfield code="a">PC 4630</subfield><subfield code="2">rvk</subfield></datafield><datafield ind1="0" ind2="0" tag="245"><subfield code="a">Liber discipulorum et amicorum</subfield><subfield code="b">Festschrift für Prof. Dr. Kurt Siehr zum 65. Geburtstag</subfield><subfield code="c">hrsg. von Peter Johannes Weber... [et al.]</subfield></datafield><datafield ind1="1" ind2=" " tag="246"><subfield code="a">Liber discipulorum et amicorum - Festschrift Kurt Siehr</subfield></datafield><datafield ind1=" " ind2="1" tag="264"><subfield code="a">Zürich</subfield><subfield code="b">Schulthess</subfield><subfield code="c">2001</subfield></datafield><datafield ind1=" " ind2=" " tag="300"><subfield code="a">VI, 321 S.</subfield><subfield code="b">Ill.</subfield><subfield code="c">23 cm</subfield></datafield><datafield ind1=" " ind2=" " tag="336"><subfield code="b">txt</subfield><subfield code="2">rdacontent</subfield></datafield><datafield ind1=" " ind2=" " tag="337"><subfield code="b">n</subfield><subfield code="2">rdamedia</subfield></datafield><datafield ind1=" " ind2=" " tag="338"><subfield code="b">nc</subfield><subfield code="2">rdacarrier</subfield></datafield><datafield ind1="1" ind2=" " tag="490"><subfield code="a">Schweizer Schriften zur Vermögensberatung und zum Vermögensrecht</subfield><subfield code="v">2</subfield></datafield><datafield ind1=" " ind2="7" tag="650"><subfield code="a">Rechtswissenschaft</subfield><subfield code="9">ger</subfield><subfield code="0">(RERO)jurivoc000018511ger</subfield><subfield code="2">jurivoc</subfield></datafield><datafield ind1=" " ind2="7" tag="650"><subfield code="a">Droit international privé</subfield><subfield code="0">(IDREF)02747433X</subfield><subfield code="2">idref</subfield></datafield><datafield ind1=" " ind2="7" tag="650"><subfield code="a">Droit comparé</subfield><subfield code="0">(IDREF)027741451</subfield><subfield code="2">idref</subfield></datafield><datafield ind1=" " ind2="7" tag="650"><subfield code="a">Droit privé</subfield><subfield code="0">(IDREF)050572997</subfield><subfield code="2">idref</subfield></datafield><datafield ind1=" " ind2="7" tag="650"><subfield code="a">Patrimoine culturel</subfield><subfield code="0">(IDREF)027797856</subfield><subfield code="2">idref</subfield></datafield><datafield ind1=" " ind2="7" tag="650"><subfield code="a">Protection</subfield><subfield code="0">(IDREF)027790150</subfield><subfield code="2">idref</subfield></datafield><datafield ind1=" " ind2="7" tag="650"><subfield code="a">Procédure civile (droit international)</subfield><subfield code="0">(IDREF)027890945</subfield><subfield code="2">idref</subfield></datafield><datafield ind1=" " ind2="7" tag="650"><subfield code="a">Recht</subfield><subfield code="0">(DE-588)4048737-4</subfield><subfield code="2">gnd</subfield></datafield><datafield ind1=" " ind2="7" tag="651"><subfield code="a">Schweiz</subfield><subfield code="0">(DE-588)4053881-3</subfield><subfield code="2">gnd</subfield></datafield><datafield ind1=" " ind2="7" tag="655"><subfield code="a">Festschrift</subfield><subfield code="9">ger</subfield><subfield code="2">jurivoc</subfield><subfield code="0">(RERO)jurivoc000008252ger</subfield></datafield><datafield ind1=" " ind2="7" tag="655"><subfield code="a">[Études diverses]</subfield><subfield code="0">(RERO)A022249905</subfield><subfield code="2">rero</subfield></datafield><datafield ind1=" " ind2="7" tag="655"><subfield code="a">Aufsatzsammlung</subfield><subfield code="2">gnd-content</subfield></datafield><datafield ind1=" " ind2="7" tag="655"><subfield code="a">Festschrift</subfield><subfield code="2">gnd-content</subfield></datafield><datafield ind1=" " ind2=" " tag="690"><subfield code="a">Textilberuf; Steuerrecht; Sozialhilferecht; Zivilprozessrecht; Vertrag; Schrift; Business; Hauser; Kuhn; Kulturgüterschutz; Plädoyer; Regel; Umwelthaftung; Corum; Et; Spirituose; Übersicht; Roman; Bankgeheimnis; Ersitzung; Geburtstag; Glosse; Label; Gerichtsstand; Malerei; Praxis; Unternehmenszusammenschluss; Anlageberatung; Aspekt; Daniel; Erinnerung; Mobilie; Rechtsangleichung; Zession; wissenschaftliche Abhandlung</subfield><subfield code="2">idssg-J</subfield></datafield><datafield ind1=" " ind2=" " tag="690"><subfield code="a">Autoreparaturvertrag; Vermögensrecht; Zessionsrecht; Zuständigkeitsregel; Amicorum; Festschrift; Inhaltsübersicht; Designerlabel; Killlias; Ledermalerei; Restitutionspraxis; Spezialaspekt; Werkbegriff; Anerkennungsverfahren; Bestätigungsschreiben; Gewinnherausgabe; Kindererzeugungskosten; Reichart; Schriftenreihe; Studienkollege</subfield><subfield code="2">idssg-J</subfield></datafield><datafield ind1=" " ind2=" " tag="690"><subfield code="a">amerikanisches Gericht; amerikanisch Long; ausländischer Kunde; bewegliche Sache; differenzierter Umgang; erfolgloser Blick; europäisches Umwelthaftungsrecht; europäisches Zivilprozessrecht; heterogene Insemination; internationale Gerichtsstandsvereinbarung; internationales Zessionsrecht; kaufmännisches Bestätigungsschreiben; neue Technologie; ordnungsgemäße Zustellung; urheberrechtlicher Werkbegriff; vertraglicher Anspruch</subfield><subfield code="2">idssg-J</subfield></datafield><datafield ind1=" " ind2=" " tag="690"><subfield code="a">Mexiko C1MEX; Schweiz C4EXSI</subfield><subfield code="2">idssg-J</subfield></datafield><datafield ind1=" " ind2=" " tag="690"><subfield code="a">Business Sucession Planning; Christoph Auckenthaler; Dr. Hans Rainer Künzle; Dr. Rudolf Roth; Edwin Glückwunsch; Einfluss Neuer Technologien; Gassmann Richard Asset Tracing; Geburtstag Schweizer Schriften; Gericht Weber Peter Johannes Kulturgüterschutz; Girsberger Daniel Globale Technik; Hadzimanovic Natasa; Hans Rainer Business Sucession Planning; Hans Rainer Künzle; Hans Rainer Künzle Schulthess; Hauser; Inhaltsübersicht Tabula gratulatoria Inhaltsübersicht Bolliger; Jahrhundert Zächariae Jörg Die Ersitzung; Jörg Die Ersitzung; Killlias Laurent Internationale Gerichtsstandsvereinbarungen; Kuhn Hans Materielle Rechtsvereinheitlichung; Kulturgut Weber Marc Archäologische Objekte; Kunst Rochaix Marcel Probleme; Kurt Siehr; Köhler Patrick Eingriffskondiktionsrechtliche; Liber discipulorum et; Marc Weber Riccardo Seitz; New Mexico Turner Stefan Bemerkungen; Peter Andreas Zur; Peter Johannes Die; Peter Johannes Kulturgüterschutz; Peter Johannes Weber; Peter Johannes Weber Marc Weber Riccardo Seitz Hans Rainer Künzle Schulthess Zürich; Peter Über; Prof. Dr.; Rainer Business Sucession Planning; Rainer Künzle Schulthess; Reichart Peter Andreas Zur Ordnungsgemässen Zustellung; Roger Der; Solarsky Viräg The trust; Sprecher Jörg Rückkehr; Statut Reutter Mark Plädoyer</subfield><subfield code="2">idssg-J</subfield></datafield><datafield ind1=" " ind2=" " tag="691"><subfield code="e">PC 15.1</subfield><subfield code="2">rzs-L1</subfield></datafield><datafield ind1="1" ind2=" " tag="700"><subfield code="a">Weber, Peter Johannes</subfield><subfield code="d">1963-....</subfield><subfield code="0">(IDREF)25536766X</subfield><subfield code="4">edt</subfield></datafield><datafield ind1="1" ind2=" " tag="700"><subfield code="a">Siehr, Kurt</subfield><subfield code="d">1935-</subfield><subfield code="6">880-03</subfield><subfield code="0">(DE-588)12242154X</subfield></datafield><datafield ind1="1" ind2=" " tag="880"><subfield code="6">700-03</subfield><subfield code="a">Siehr, Kurt</subfield><subfield code="d">1935-....</subfield><subfield code="0">(IDREF)031646832</subfield></datafield><datafield ind1="4" ind2=" " tag="856"><subfield code="u">https://tools.unisg.ch/url/hm00046026</subfield><subfield code="z">Inhaltsverzeichnis</subfield></datafield><datafield ind1=" " ind2="0" tag="830"><subfield code="a">Schweizer Schriften zur Vermögensberatung und zum Vermögensrecht</subfield><subfield code="v">2</subfield><subfield code="w">(IDSSG)000218573HSB01</subfield></datafield><datafield ind1=" " ind2=" " tag="949"><subfield code="a">https://tools.unisg.ch/url/hm00046026</subfield></datafield></record>
</metadata></record>