<record><header><identifier>oai:alma.41SLSP_UGE:991000802439705502</identifier><datestamp>2024-04-01T00:11:36Z</datestamp><setSpec>uge_bcen_RapidILL_BOOK</setSpec><setSpec>uge_aaca_RapidILL_BOOK</setSpec><setSpec>uge_abels_RapidILL_BOOK</setSpec><setSpec>uge_dbu_RapidILL_BOOK</setSpec><setSpec>uge_cmu_RapidILL_BOOK</setSpec><setSpec>uge_mail_RapidILL_BOOK</setSpec><setSpec>UNIGE_ALL</setSpec><setSpec>uge_abbat_RapidILL_BOOK</setSpec><setSpec>uge_aobs_RapidILL_BOOK</setSpec><setSpec>uge_acar_RapidILL_BOOK</setSpec></header><metadata>
<record xmlns="http://www.loc.gov/MARC21/slim" xmlns:xsi="http://www.w3.org/2001/XMLSchema-instance" xsi:schemaLocation="http://www.loc.gov/MARC21/slim http://www.loc.gov/standards/marcxml/schema/MARC21slim.xsd"><leader>02455nam a2200553uca4500</leader><controlfield tag="001">991000802439705502</controlfield><controlfield tag="005">20240321222516.0</controlfield><controlfield tag="008">201011m19752004gw            00| i ger d</controlfield><datafield ind1=" " ind2=" " tag="019"><subfield code="a">Laut Verlag ist das Werk 2004 abgeschlossen (keine Abt. 4)</subfield><subfield code="5">NEBIS/27.10.2010 S05</subfield></datafield><datafield ind1=" " ind2=" " tag="019"><subfield code="a">Gemäss Vorw. 1/1 nicht Teil von.. sondern &quot;im Anschluss an&quot; die kritische Gesamtausg. von N's Werken (KGW)</subfield><subfield code="5">NEBIS/übernommen von EBI01, F09/10.4.01</subfield></datafield><datafield ind1=" " ind2=" " tag="019"><subfield code="a">Übergeordnete Aufnahme = Niveau supérieur = Livello superiore</subfield><subfield code="5">SLSP/2020</subfield></datafield><datafield ind1=" " ind2=" " tag="035"><subfield code="a">(swissbib)225839083-41slsp_network</subfield></datafield><datafield ind1=" " ind2=" " tag="035"><subfield code="a">225839083</subfield><subfield code="9">ExL</subfield></datafield><datafield ind1=" " ind2=" " tag="035"><subfield code="a">(IDSBB)000037816DSV01</subfield></datafield><datafield ind1=" " ind2=" " tag="035"><subfield code="a">(RERO)1737148-41slsp</subfield></datafield><datafield ind1=" " ind2=" " tag="035"><subfield code="a">(NEBIS)007828677EBI01</subfield></datafield><datafield ind1=" " ind2=" " tag="035"><subfield code="a">(IDSLU)000190536ILU01</subfield></datafield><datafield ind1=" " ind2=" " tag="035"><subfield code="a">(EXLNZ-41SLSP_NETWORK)991002907069705501</subfield></datafield><datafield ind1=" " ind2=" " tag="040"><subfield code="a">SzZuIDS BS/BE B400</subfield><subfield code="b">ger</subfield><subfield code="e">kids</subfield><subfield code="d">CH-ZuSLS</subfield></datafield><datafield ind1=" " ind2=" " tag="044"><subfield code="a">gw</subfield><subfield code="a">xxu</subfield></datafield><datafield ind1=" " ind2="7" tag="072"><subfield code="a">ph</subfield><subfield code="2">SzZuIDS BS/BE</subfield></datafield><datafield ind1=" " ind2="7" tag="072"><subfield code="a">ph</subfield><subfield code="2">rero</subfield></datafield><datafield ind1=" " ind2="7" tag="072"><subfield code="a">al</subfield><subfield code="2">rero</subfield></datafield><datafield ind1=" " ind2="7" tag="072"><subfield code="a">100</subfield><subfield code="2">IDS LU</subfield></datafield><datafield ind1=" " ind2=" " tag="084"><subfield code="a">CG 5907</subfield><subfield code="2">rvk</subfield></datafield><datafield ind1="1" ind2=" " tag="100"><subfield code="a">Nietzsche, Friedrich</subfield><subfield code="d">1844-1900</subfield><subfield code="0">(DE-588)118587943</subfield><subfield code="6">880-01</subfield></datafield><datafield ind1="1" ind2=" " tag="880"><subfield code="6">100-01</subfield><subfield code="a">Nietzsche, Friedrich</subfield><subfield code="d">1844-1900</subfield><subfield code="0">(IDREF)086200038</subfield><subfield code="4">cre</subfield></datafield><datafield ind1="1" ind2="0" tag="245"><subfield code="a">Briefwechsel</subfield><subfield code="b">kritische Gesamtausgabe</subfield><subfield code="c">Nietzsche ; begr. von Giorgio Colli und Mazzino Montinari ; weitergeführt von Norbert Miller und Annemarie Pieper</subfield></datafield><datafield ind1="1" ind2="3" tag="246"><subfield code="a">Nietzsche Briefwechsel</subfield></datafield><datafield ind1="1" ind2="3" tag="246"><subfield code="a">KGB</subfield></datafield><datafield ind1="1" ind2="3" tag="246"><subfield code="a">Briefe an Friedrich Nietzsche</subfield></datafield><datafield ind1="1" ind2="3" tag="246"><subfield code="a">Briefe</subfield></datafield><datafield ind1=" " ind2="1" tag="264"><subfield code="a">Berlin [etc.]</subfield><subfield code="b">Walter de Gruyter</subfield><subfield code="c">1975-2004</subfield></datafield><datafield ind1=" " ind2=" " tag="300"><subfield code="a">3 Abt. in 25 Bd.</subfield><subfield code="c">23 cm</subfield></datafield><datafield ind1=" " ind2=" " tag="336"><subfield code="b">txt</subfield><subfield code="2">rdacontent</subfield></datafield><datafield ind1=" " ind2=" " tag="337"><subfield code="b">n</subfield><subfield code="2">rdamedia</subfield></datafield><datafield ind1=" " ind2=" " tag="338"><subfield code="b">nc</subfield><subfield code="2">rdacarrier</subfield></datafield><datafield ind1=" " ind2=" " tag="500"><subfield code="a">Titelvariante: KGB. - Einzelne Bände von Abt. 1-3 i.d.R. unter dem Titel: Briefe / Friedrich Nietzsche bzw. Briefe an Friedrich Nietzsche</subfield></datafield><datafield ind1="1" ind2="7" tag="600"><subfield code="a">Nietzsche, Friedrich</subfield><subfield code="d">1844-1900</subfield><subfield code="0">(IDREF)086200038</subfield><subfield code="2">idref</subfield></datafield><datafield ind1=" " ind2="7" tag="655"><subfield code="a">Correspondance</subfield><subfield code="0">(IDREF)027490122</subfield><subfield code="2">idref</subfield></datafield><datafield ind1=" " ind2="7" tag="655"><subfield code="a">Briefsammlung</subfield><subfield code="2">gnd-content</subfield></datafield><datafield ind1=" " ind2=" " tag="690"><subfield code="a">Briefwechsel</subfield><subfield code="2">uzb-UG</subfield></datafield><datafield ind1=" " ind2=" " tag="690"><subfield code="a">Briefe Sammlung, B: Nietzsche, Friedrich</subfield><subfield code="2">rzs-L1</subfield></datafield><datafield ind1="1" ind2=" " tag="700"><subfield code="a">Montinari, Mazzino</subfield><subfield code="d">1928-1986</subfield><subfield code="0">(DE-588)136105386</subfield></datafield><datafield ind1="1" ind2=" " tag="700"><subfield code="a">Pieper, Annemarie</subfield><subfield code="d">1941-2024</subfield><subfield code="0">(DE-588)115443193</subfield></datafield><datafield ind1="1" ind2=" " tag="700"><subfield code="a">Colli, Giorgio</subfield><subfield code="d">1917-1979</subfield><subfield code="0">(DE-588)119130262</subfield><subfield code="6">880-04</subfield></datafield><datafield ind1="1" ind2=" " tag="880"><subfield code="6">700-04</subfield><subfield code="a">Colli, Giorgio</subfield><subfield code="d">1917-1979</subfield><subfield code="0">(IDREF)026794764</subfield></datafield><datafield ind1="1" ind2=" " tag="700"><subfield code="a">Miller, Norbert</subfield><subfield code="d">1937-</subfield><subfield code="0">(DE-588)123802938</subfield><subfield code="6">880-05</subfield></datafield><datafield ind1="1" ind2=" " tag="880"><subfield code="a">Miller, Norbert</subfield><subfield code="0">(RERO)A003595650</subfield><subfield code="6">700-05</subfield></datafield><datafield ind1=" " ind2=" " tag="900"><subfield code="a">REROnoselfmerge</subfield></datafield></record>
</metadata></record>