<record><header><identifier>oai:alma.41SLSP_UGE:991000802859705502</identifier><datestamp>2023-03-17T01:51:44Z</datestamp><setSpec>uge_bcen_RapidILL_BOOK</setSpec><setSpec>uge_aaca_RapidILL_BOOK</setSpec><setSpec>uge_abels_RapidILL_BOOK</setSpec><setSpec>uge_dbu_RapidILL_BOOK</setSpec><setSpec>uge_cmu_RapidILL_BOOK</setSpec><setSpec>uge_mail_RapidILL_BOOK</setSpec><setSpec>uge_abbat_RapidILL_BOOK</setSpec><setSpec>UNIGE_ALL</setSpec><setSpec>uge_aobs_RapidILL_BOOK</setSpec><setSpec>uge_acar_RapidILL_BOOK</setSpec></header><metadata>
<record xmlns="http://www.loc.gov/MARC21/slim" xmlns:xsi="http://www.w3.org/2001/XMLSchema-instance" xsi:schemaLocation="http://www.loc.gov/MARC21/slim http://www.loc.gov/standards/marcxml/schema/MARC21slim.xsd"><leader>01279naa a2200301uc 4500</leader><controlfield tag="001">991000802859705502</controlfield><controlfield tag="005">20230316200318.0</controlfield><controlfield tag="008">201011s1993    gw ||||| |||| 00| ||mul d</controlfield><datafield ind1=" " ind2=" " tag="035"><subfield code="a">(swissbib)214341712-41slsp_network</subfield></datafield><datafield ind1=" " ind2=" " tag="035"><subfield code="a">214341712</subfield><subfield code="9">ExL</subfield></datafield><datafield ind1=" " ind2=" " tag="035"><subfield code="a">(IDSBB)001120383DSV01</subfield></datafield><datafield ind1=" " ind2=" " tag="035"><subfield code="a">(RERO)1991586-41slsp</subfield></datafield><datafield ind1=" " ind2=" " tag="035"><subfield code="a">(EXLNZ-41SLSP_NETWORK)991017564399705501</subfield></datafield><datafield ind1=" " ind2=" " tag="040"><subfield code="a">SzZuIDS BS/BE B465</subfield><subfield code="b">ger</subfield><subfield code="e">kids</subfield><subfield code="d">CH-ZuSLS</subfield></datafield><datafield ind1="0" ind2=" " tag="041"><subfield code="a">ger</subfield><subfield code="a">eng</subfield></datafield><datafield ind1=" " ind2="7" tag="072"><subfield code="a">dr</subfield><subfield code="2">rero</subfield></datafield><datafield ind1=" " ind2=" " tag="084"><subfield code="a">CA/CE 79.2 i</subfield><subfield code="2">cjurrom</subfield></datafield><datafield ind1="1" ind2=" " tag="100"><subfield code="a">Bacher, Urban</subfield><subfield code="d">1963-</subfield><subfield code="0">(DE-588)123735769</subfield></datafield><datafield ind1="1" ind2="0" tag="245"><subfield code="a">Alternative &quot;Europäische Genossenschaft (SCE)&quot;?</subfield><subfield code="c">von Urban W. Bacher</subfield></datafield><datafield ind1=" " ind2=" " tag="336"><subfield code="b">txt</subfield><subfield code="2">rdacontent</subfield></datafield><datafield ind1=" " ind2=" " tag="337"><subfield code="b">n</subfield><subfield code="2">rdamedia</subfield></datafield><datafield ind1=" " ind2=" " tag="338"><subfield code="b">nc</subfield><subfield code="2">rdacarrier</subfield></datafield><datafield ind1=" " ind2=" " tag="500"><subfield code="a">Mit englischer Zusammenfassung</subfield></datafield><datafield ind1=" " ind2=" " tag="580"><subfield code="a">In: Europäische Integration und globaler Wettbewerb : [Symposium zum 50. Geburtstag von Professor Ebenroth]. - Heidelberg : Verl. Recht und Wirtschaft, cop. 1993. - P. 457-473</subfield></datafield><datafield ind1=" " ind2="7" tag="650"><subfield code="a">Coopératives</subfield><subfield code="0">(IDREF)027466418</subfield><subfield code="2">idref</subfield></datafield><datafield ind1=" " ind2="7" tag="650"><subfield code="a">Droit européen</subfield><subfield code="0">(IDREF)027467171</subfield><subfield code="2">idref</subfield></datafield><datafield ind1="1" ind2=" " tag="700"><subfield code="a">Bacher, Urban W</subfield><subfield code="0">(RERO)A002957861</subfield><subfield code="4">cre</subfield></datafield><datafield ind1="0" ind2=" " tag="773"><subfield code="t">Europäische Integration und globaler Wettbewerb</subfield><subfield code="d">Heidelberg : Verlag Recht und Wirtschaft GmbH, cop. 1993</subfield><subfield code="g">S. 457-473</subfield><subfield code="q">457-473</subfield><subfield code="w">(IDSBB)000965331DSV01</subfield></datafield><datafield ind1=" " ind2=" " tag="900"><subfield code="a">REROnoselfmerge</subfield></datafield></record>
</metadata></record>