<record><header><identifier>oai:alma.41SLSP_UGE:991000803069705502</identifier><datestamp>2023-03-01T01:10:19Z</datestamp><setSpec>uge_bcen_RapidILL_BOOK</setSpec><setSpec>uge_aaca_RapidILL_BOOK</setSpec><setSpec>uge_abels_RapidILL_BOOK</setSpec><setSpec>uge_dbu_RapidILL_BOOK</setSpec><setSpec>uge_cmu_RapidILL_BOOK</setSpec><setSpec>uge_mail_RapidILL_BOOK</setSpec><setSpec>UNIGE_ALL</setSpec><setSpec>uge_abbat_RapidILL_BOOK</setSpec><setSpec>uge_aobs_RapidILL_BOOK</setSpec><setSpec>uge_acar_RapidILL_BOOK</setSpec></header><metadata>
<record xmlns="http://www.loc.gov/MARC21/slim" xmlns:xsi="http://www.w3.org/2001/XMLSchema-instance" xsi:schemaLocation="http://www.loc.gov/MARC21/slim http://www.loc.gov/standards/marcxml/schema/MARC21slim.xsd"><leader>01805nam a2200481 c 4500</leader><controlfield tag="001">991000803069705502</controlfield><controlfield tag="005">20201230233242.0</controlfield><controlfield tag="008">201011s1980    fr ||||| |||| 00| ||fre d</controlfield><datafield ind1=" " ind2=" " tag="020"><subfield code="a">2220022692</subfield></datafield><datafield ind1=" " ind2=" " tag="035"><subfield code="a">(swissbib)22786493X-41slsp_network</subfield></datafield><datafield ind1=" " ind2=" " tag="035"><subfield code="a">22786493X</subfield><subfield code="9">ExL</subfield></datafield><datafield ind1=" " ind2=" " tag="035"><subfield code="a">(RERO)0360304-41slsp</subfield></datafield><datafield ind1=" " ind2=" " tag="035"><subfield code="a">(IDSBB)001452851DSV01</subfield></datafield><datafield ind1=" " ind2=" " tag="035"><subfield code="a">(NEBIS)002834771EBI01</subfield></datafield><datafield ind1=" " ind2=" " tag="035"><subfield code="a">(EXLNZ-41SLSP_NETWORK)991152271729705501</subfield></datafield><datafield ind1=" " ind2=" " tag="040"><subfield code="a">RERO</subfield><subfield code="d">CH-ZuSLS</subfield></datafield><datafield ind1="1" ind2=" " tag="041"><subfield code="a">fre</subfield><subfield code="h">lat</subfield></datafield><datafield ind1=" " ind2="7" tag="072"><subfield code="a">th</subfield><subfield code="2">rero</subfield></datafield><datafield ind1=" " ind2="7" tag="072"><subfield code="a">th</subfield><subfield code="2">SzZuIDS BS/BE</subfield></datafield><datafield ind1="0" ind2="4" tag="082"><subfield code="a">199.99</subfield><subfield code="b">T279, 5M81, 1980</subfield></datafield><datafield ind1="1" ind2="4" tag="082"><subfield code="a">236.8</subfield><subfield code="2">22</subfield></datafield><datafield ind1=" " ind2=" " tag="084"><subfield code="a">BO 2956</subfield><subfield code="2">rvk</subfield></datafield><datafield ind1="1" ind2=" " tag="100"><subfield code="a">Tertullianus, Quintus Septimius Florens</subfield><subfield code="d">150-230</subfield><subfield code="0">(DE-588)118621386</subfield><subfield code="6">880-01</subfield></datafield><datafield ind1="1" ind2=" " tag="880"><subfield code="6">100-01</subfield><subfield code="a">Tertullien</subfield><subfield code="d">0155?-0222?</subfield><subfield code="0">(IDREF)027398153</subfield><subfield code="4">cre</subfield></datafield><datafield ind1="1" ind2="0" tag="240"><subfield code="a">De resurrectione carnis</subfield></datafield><datafield ind1="1" ind2="0" tag="245"><subfield code="a">&lt;&lt;La&gt;&gt; résurrection des morts</subfield><subfield code="c">Tertullien ; texte trad. par Madeleine Moreau ; introd., analyse, notes par Jean-Pierre Mahé</subfield></datafield><datafield ind1=" " ind2="1" tag="264"><subfield code="a">[Paris]</subfield><subfield code="b">Desclée De Brouwer</subfield><subfield code="c">1980</subfield></datafield><datafield ind1=" " ind2=" " tag="300"><subfield code="a">160 p.</subfield><subfield code="c">20 cm</subfield></datafield><datafield ind1=" " ind2=" " tag="336"><subfield code="b">txt</subfield><subfield code="2">rdacontent</subfield></datafield><datafield ind1=" " ind2=" " tag="337"><subfield code="b">n</subfield><subfield code="2">rdamedia</subfield></datafield><datafield ind1=" " ind2=" " tag="338"><subfield code="b">nc</subfield><subfield code="2">rdacarrier</subfield></datafield><datafield ind1="1" ind2=" " tag="490"><subfield code="a">Les Pères dans la foi</subfield><subfield code="v">[15]</subfield></datafield><datafield ind1="0" ind2=" " tag="490"><subfield code="a">Collection Les Pères dans la foi</subfield></datafield><datafield ind1=" " ind2=" " tag="500"><subfield code="a">Originaltitel: De resurrectione carnis</subfield></datafield><datafield ind1=" " ind2=" " tag="500"><subfield code="a">Originaltitel: De resurrectione mortuorum</subfield></datafield><datafield ind1=" " ind2="0" tag="650"><subfield code="a">Resurrection</subfield><subfield code="v">Early works to 1800</subfield></datafield><datafield ind1=" " ind2=" " tag="690"><subfield code="a">Auferstehung / Lehre</subfield><subfield code="2">uzb-Z9</subfield></datafield><datafield ind1="1" ind2=" " tag="700"><subfield code="a">Mahé, Jean-Pierre</subfield><subfield code="d">1944-</subfield><subfield code="0">(DE-588)1059888351</subfield><subfield code="6">880-02</subfield></datafield><datafield ind1="1" ind2=" " tag="880"><subfield code="6">700-02</subfield><subfield code="a">Mahé, Jean-Pierre</subfield><subfield code="d">1944-....</subfield><subfield code="0">(IDREF)027001741</subfield></datafield><datafield ind1="1" ind2=" " tag="700"><subfield code="a">Moreau, Madeleine</subfield><subfield code="d">1921-2012</subfield><subfield code="0">(IDREF)055795447</subfield></datafield><datafield ind1=" " ind2=" " tag="830"><subfield code="a">&lt;&lt;Les&gt;&gt; pères dans la foi</subfield><subfield code="v">15</subfield><subfield code="w">(RERO)0150995-41slsp</subfield></datafield><datafield ind1=" " ind2=" " tag="830"><subfield code="a">&lt;&lt;Les&gt;&gt; Pères dans la foi</subfield><subfield code="v">15</subfield><subfield code="w">(IDSBB)001031904DSV01</subfield></datafield><datafield ind1=" " ind2=" " tag="900"><subfield code="a">REROnoselfmerge</subfield></datafield><datafield ind1=" " ind2=" " tag="900"><subfield code="a">IDSZRMedeaZBZ</subfield></datafield></record>
</metadata></record>