<record><header><identifier>oai:alma.41SLSP_UGE:991000802789705502</identifier><datestamp>2023-03-01T01:10:19Z</datestamp><setSpec>uge_bcen_RapidILL_BOOK</setSpec><setSpec>uge_aaca_RapidILL_BOOK</setSpec><setSpec>uge_abels_RapidILL_BOOK</setSpec><setSpec>uge_dbu_RapidILL_BOOK</setSpec><setSpec>uge_cmu_RapidILL_BOOK</setSpec><setSpec>uge_mail_RapidILL_BOOK</setSpec><setSpec>UNIGE_ALL</setSpec><setSpec>uge_abbat_RapidILL_BOOK</setSpec><setSpec>uge_aobs_RapidILL_BOOK</setSpec><setSpec>uge_acar_RapidILL_BOOK</setSpec></header><metadata>
<record xmlns="http://www.loc.gov/MARC21/slim" xmlns:xsi="http://www.w3.org/2001/XMLSchema-instance" xsi:schemaLocation="http://www.loc.gov/MARC21/slim http://www.loc.gov/standards/marcxml/schema/MARC21slim.xsd"><leader>00931nam a2200265 c 4500</leader><controlfield tag="001">991000802789705502</controlfield><controlfield tag="005">20201225172919.0</controlfield><controlfield tag="008">960525s1978    no ||||| |||| 00| ||ice d</controlfield><datafield ind1=" " ind2=" " tag="020"><subfield code="a">8209004964</subfield></datafield><datafield ind1=" " ind2=" " tag="035"><subfield code="a">(swissbib)079142885-41slsp_network</subfield></datafield><datafield ind1=" " ind2=" " tag="035"><subfield code="a">079142885</subfield><subfield code="9">ExL</subfield></datafield><datafield ind1=" " ind2=" " tag="035"><subfield code="a">(RERO)0457519-41slsp</subfield></datafield><datafield ind1=" " ind2=" " tag="035"><subfield code="a">(EXLNZ-41SLSP_NETWORK)991117625159705501</subfield></datafield><datafield ind1=" " ind2=" " tag="040"><subfield code="a">RERO</subfield><subfield code="d">CH-ZuSLS</subfield></datafield><datafield ind1=" " ind2="7" tag="072"><subfield code="a">an</subfield><subfield code="2">rero</subfield></datafield><datafield ind1="0" ind2=" " tag="100"><subfield code="a">Ari Þorgilsson</subfield><subfield code="c">fróði</subfield><subfield code="d">ca. 1068-1148</subfield><subfield code="0">(RERO)A027280868</subfield><subfield code="4">cre</subfield></datafield><datafield ind1="1" ind2="0" tag="245"><subfield code="a">Íslendingabók</subfield><subfield code="c">Ari Þorgilsson Hinn Fróđi ; utgitt av Anne Holtsmark</subfield></datafield><datafield ind1=" " ind2="1" tag="264"><subfield code="a">Oslo</subfield><subfield code="b">Dreyers Forlag</subfield><subfield code="a">Stockholm</subfield><subfield code="b">Läromedelsförlagen</subfield><subfield code="c">1978</subfield></datafield><datafield ind1=" " ind2=" " tag="300"><subfield code="a">35 p.</subfield><subfield code="c">21 cm</subfield></datafield><datafield ind1=" " ind2=" " tag="336"><subfield code="b">txt</subfield><subfield code="2">rdacontent</subfield></datafield><datafield ind1=" " ind2=" " tag="337"><subfield code="b">n</subfield><subfield code="2">rdamedia</subfield></datafield><datafield ind1=" " ind2=" " tag="338"><subfield code="b">nc</subfield><subfield code="2">rdacarrier</subfield></datafield><datafield ind1="1" ind2=" " tag="490"><subfield code="a">Nordisk filologi. Serie A, Tekster</subfield><subfield code="v">5</subfield></datafield><datafield ind1="1" ind2=" " tag="700"><subfield code="a">Holtsmark, Anne</subfield><subfield code="d">1896-1974</subfield><subfield code="0">(IDREF)028849566</subfield></datafield><datafield ind1=" " ind2=" " tag="830"><subfield code="a">Nordisk Filologi</subfield><subfield code="p">A., Tekster</subfield><subfield code="v">5</subfield><subfield code="w">(RERO)0453227-41slsp</subfield></datafield><datafield ind1=" " ind2=" " tag="900"><subfield code="a">REROnoselfmerge</subfield></datafield></record>
</metadata></record>