<record><header><identifier>oai:alma.41SLSP_UGE:991000802899705502</identifier><datestamp>2024-05-19T00:46:09Z</datestamp><setSpec>uge_bcen_RapidILL_BOOK</setSpec><setSpec>uge_aaca_RapidILL_BOOK</setSpec><setSpec>uge_abels_RapidILL_BOOK</setSpec><setSpec>uge_dbu_RapidILL_BOOK</setSpec><setSpec>uge_cmu_RapidILL_BOOK</setSpec><setSpec>uge_mail_RapidILL_BOOK</setSpec><setSpec>uge_abbat_RapidILL_BOOK</setSpec><setSpec>UNIGE_ALL</setSpec><setSpec>uge_aobs_RapidILL_BOOK</setSpec><setSpec>uge_acar_RapidILL_BOOK</setSpec></header><metadata>
<record xmlns="http://www.loc.gov/MARC21/slim" xmlns:xsi="http://www.w3.org/2001/XMLSchema-instance" xsi:schemaLocation="http://www.loc.gov/MARC21/slim http://www.loc.gov/standards/marcxml/schema/MARC21slim.xsd"><leader>01403nam a2200337 c 4500</leader><controlfield tag="001">991000802899705502</controlfield><controlfield tag="005">20230216200926.0</controlfield><controlfield tag="008">051222s2005    fr ||||| |||| 00| ||fre d</controlfield><datafield ind1=" " ind2=" " tag="020"><subfield code="a">2848350806</subfield></datafield><datafield ind1="7" ind2=" " tag="024"><subfield code="a">http://catalogue.bnf.fr/ark:/12148/cb40055130x</subfield><subfield code="2">uri</subfield></datafield><datafield ind1=" " ind2=" " tag="035"><subfield code="a">(swissbib)102796084-41slsp_network</subfield></datafield><datafield ind1=" " ind2=" " tag="035"><subfield code="a">102796084</subfield><subfield code="9">ExL</subfield></datafield><datafield ind1=" " ind2=" " tag="035"><subfield code="a">(RERO)R003965814-41slsp</subfield></datafield><datafield ind1=" " ind2=" " tag="035"><subfield code="a">(EXLNZ-41SLSP_NETWORK)991141100219705501</subfield></datafield><datafield ind1=" " ind2=" " tag="040"><subfield code="a">RERO neubfl</subfield><subfield code="d">CH-ZuSLS</subfield></datafield><datafield ind1=" " ind2="7" tag="072"><subfield code="a">ps</subfield><subfield code="2">rero</subfield></datafield><datafield ind1="0" ind2="0" tag="245"><subfield code="a">Traitement psychanalytique du bébé avec ses parents</subfield><subfield code="c">sous la dir. de Martine Caron-Lefèvre ; avec Jacques Angelergues, Marie-Françoise Bresson, Françoise Moggio</subfield></datafield><datafield ind1=" " ind2="1" tag="264"><subfield code="a">Paris</subfield><subfield code="b">Ed. In Press</subfield><subfield code="c">2005</subfield></datafield><datafield ind1=" " ind2=" " tag="300"><subfield code="a">179 p.</subfield><subfield code="b">ill.</subfield><subfield code="c">22 cm</subfield></datafield><datafield ind1=" " ind2=" " tag="336"><subfield code="b">txt</subfield><subfield code="2">rdacontent</subfield></datafield><datafield ind1=" " ind2=" " tag="337"><subfield code="b">n</subfield><subfield code="2">rdamedia</subfield></datafield><datafield ind1=" " ind2=" " tag="338"><subfield code="b">nc</subfield><subfield code="2">rdacarrier</subfield></datafield><datafield ind1="1" ind2=" " tag="490"><subfield code="a">Collection l'enfant, la psychiatrie et le psychanalyste</subfield></datafield><datafield ind1=" " ind2="7" tag="650"><subfield code="a">relation parent-enfant - troubles</subfield><subfield code="0">(RERO)A010225236</subfield><subfield code="2">rerovoc</subfield></datafield><datafield ind1=" " ind2="7" tag="650"><subfield code="a">Psychanalyse</subfield><subfield code="0">(IDREF)027241505</subfield><subfield code="2">idref</subfield></datafield><datafield ind1=" " ind2="7" tag="650"><subfield code="a">Nourrissons</subfield><subfield code="0">(IDREF)027791467</subfield><subfield code="2">idref</subfield></datafield><datafield ind1="1" ind2=" " tag="700"><subfield code="a">Caron-Lefèvre, Martine</subfield><subfield code="d">19..-....</subfield><subfield code="0">(IDREF)088742970</subfield></datafield><datafield ind1="1" ind2=" " tag="700"><subfield code="a">Angelergues, Jacques</subfield><subfield code="d">19..-....</subfield><subfield code="0">(IDREF)056927223</subfield></datafield><datafield ind1="1" ind2=" " tag="700"><subfield code="a">Bresson, Marie-Françoise</subfield><subfield code="0">(IDREF)092257259</subfield></datafield><datafield ind1="1" ind2=" " tag="700"><subfield code="a">Moggio, Françoise</subfield><subfield code="d">19..-....</subfield><subfield code="0">(IDREF)052844374</subfield></datafield><datafield ind1=" " ind2=" " tag="830"><subfield code="a">Collection l'enfant, la psychiatrie et le psychanalyste</subfield><subfield code="w">(RERO)R003754312-41slsp</subfield></datafield><datafield ind1=" " ind2=" " tag="900"><subfield code="a">REROnoselfmerge</subfield></datafield></record>
</metadata></record>