<record><header><identifier>oai:alma.41SLSP_UGE:991000802589705502</identifier><datestamp>2023-03-01T01:10:19Z</datestamp><setSpec>uge_bcen_RapidILL_BOOK</setSpec><setSpec>uge_aaca_RapidILL_BOOK</setSpec><setSpec>uge_abels_RapidILL_BOOK</setSpec><setSpec>uge_dbu_RapidILL_BOOK</setSpec><setSpec>uge_cmu_RapidILL_BOOK</setSpec><setSpec>uge_mail_RapidILL_BOOK</setSpec><setSpec>UNIGE_ALL</setSpec><setSpec>uge_abbat_RapidILL_BOOK</setSpec><setSpec>uge_acar_RapidILL_BOOK</setSpec><setSpec>uge_aobs_RapidILL_BOOK</setSpec></header><metadata>
<record xmlns="http://www.loc.gov/MARC21/slim" xmlns:xsi="http://www.w3.org/2001/XMLSchema-instance" xsi:schemaLocation="http://www.loc.gov/MARC21/slim http://www.loc.gov/standards/marcxml/schema/MARC21slim.xsd"><leader>05931nam a2200889 c 4500</leader><controlfield tag="001">991000802589705502</controlfield><controlfield tag="005">20230214201511.0</controlfield><controlfield tag="008">201012t20112011xxu||||| |||| 10| ||eng d</controlfield><datafield ind1=" " ind2=" " tag="010"><subfield code="a">2010048910</subfield></datafield><datafield ind1="7" ind2=" " tag="016"><subfield code="a">015777065</subfield><subfield code="2">Uk</subfield></datafield><datafield ind1=" " ind2=" " tag="020"><subfield code="a">9780804773317</subfield><subfield code="q">hardcover</subfield></datafield><datafield ind1=" " ind2=" " tag="020"><subfield code="a">0804773319</subfield><subfield code="q">hardcover</subfield></datafield><datafield ind1="7" ind2=" " tag="024"><subfield code="a">http://catalogue.bnf.fr/ark:/12148/cb424108465</subfield><subfield code="2">uri</subfield></datafield><datafield ind1=" " ind2=" " tag="035"><subfield code="a">(swissbib)239061136-41slsp_network</subfield></datafield><datafield ind1=" " ind2=" " tag="035"><subfield code="a">239061136</subfield><subfield code="9">ExL</subfield></datafield><datafield ind1=" " ind2=" " tag="035"><subfield code="a">(RERO)R006096542-41slsp</subfield></datafield><datafield ind1=" " ind2=" " tag="035"><subfield code="a">(IDSSG)001024853HSB01</subfield></datafield><datafield ind1=" " ind2=" " tag="035"><subfield code="a">(IDSBB)005685631DSV01</subfield></datafield><datafield ind1=" " ind2=" " tag="035"><subfield code="a">(NEBIS)006253095EBI01</subfield></datafield><datafield ind1=" " ind2=" " tag="035"><subfield code="a">(OCoLC)688559468</subfield></datafield><datafield ind1=" " ind2=" " tag="035"><subfield code="a">(EXLNZ-41SLSP_NETWORK)991101958799705501</subfield></datafield><datafield ind1=" " ind2=" " tag="040"><subfield code="a">DLC</subfield><subfield code="d">CH-ZuSLS</subfield></datafield><datafield ind1="0" ind2=" " tag="041"><subfield code="a">eng</subfield></datafield><datafield ind1=" " ind2=" " tag="043"><subfield code="a">ae-----</subfield></datafield><datafield ind1="0" ind2="0" tag="050"><subfield code="a">DS518.1</subfield><subfield code="b">.C588 2011</subfield></datafield><datafield ind1=" " ind2="7" tag="072"><subfield code="a">ht</subfield><subfield code="2">rero</subfield></datafield><datafield ind1=" " ind2="7" tag="072"><subfield code="a">sp</subfield><subfield code="2">rero</subfield></datafield><datafield ind1=" " ind2="7" tag="072"><subfield code="a">ng</subfield><subfield code="2">SzZuIDS BS/BE</subfield></datafield><datafield ind1="0" ind2="0" tag="082"><subfield code="a">950.4/2</subfield><subfield code="2">22</subfield></datafield><datafield ind1="0" ind2="4" tag="082"><subfield code="a">950.4 2</subfield><subfield code="2">22</subfield></datafield><datafield ind1="1" ind2="4" tag="082"><subfield code="a">950.42</subfield><subfield code="2">21</subfield></datafield><datafield ind1="1" ind2="4" tag="082"><subfield code="a">900</subfield><subfield code="2">15</subfield></datafield><datafield ind1=" " ind2=" " tag="084"><subfield code="a">NQ 9015</subfield><subfield code="2">rvk</subfield></datafield><datafield ind1=" " ind2=" " tag="084"><subfield code="a">MK 2300</subfield></datafield><datafield ind1=" " ind2=" " tag="084"><subfield code="a">NQ 5930</subfield><subfield code="2">rvk</subfield></datafield><datafield ind1="0" ind2="0" tag="245"><subfield code="a">&lt;&lt;The&gt;&gt; cold war in East Asia, 1945-1991</subfield><subfield code="c">edited by Tsuyoshi Hasegawa</subfield></datafield><datafield ind1=" " ind2="1" tag="264"><subfield code="a">Washington</subfield><subfield code="b">Woodrow Wilson Center Press</subfield><subfield code="a">Stanford</subfield><subfield code="b">Stanford University Press</subfield><subfield code="c">2011</subfield></datafield><datafield ind1=" " ind2="4" tag="264"><subfield code="c">© 2011</subfield></datafield><datafield ind1=" " ind2=" " tag="300"><subfield code="a">xi, 340 pages</subfield><subfield code="c">24 cm</subfield></datafield><datafield ind1=" " ind2=" " tag="336"><subfield code="b">txt</subfield><subfield code="2">rdacontent</subfield></datafield><datafield ind1=" " ind2=" " tag="337"><subfield code="b">n</subfield><subfield code="2">rdamedia</subfield></datafield><datafield ind1=" " ind2=" " tag="338"><subfield code="b">nc</subfield><subfield code="2">rdacarrier</subfield></datafield><datafield ind1="0" ind2=" " tag="490"><subfield code="a">Cold War international history project series</subfield></datafield><datafield ind1=" " ind2=" " tag="500"><subfield code="a">&quot;This book originated in three conferences on the Cold War in Asia, 1941-91, which were organized and sponsored by the Center for Cold War Studies of the University of California, Santa Barbara, and held in Santa Barbara in 2005, 2006 and 2007. ... After these conferences, Odd Arne Westad and I decided to publish a conference volume focusing on East Asia but excluding Southeast Asia.&quot;. - P. ix</subfield></datafield><datafield ind1=" " ind2=" " tag="504"><subfield code="a">Includes bibliographical references and index</subfield></datafield><datafield ind1=" " ind2=" " tag="520"><subfield code="a">The Cold War in East Asia studies Asia as a second front in the Cold War, examining how six powers - the United States, the Soviet Union, China, Japan, and North and South Korea - interacted one another and forged a situation that was distinct from the Cold War in Europe. The contributors are among the foremost historians of the new Cold War history, and this book draws on a wide array of newly available archival information in many languages, with particular strength in the use of Russian and Chinese archival material. The Cold War in East Asia shows how as a second front the Cold War in East Asia influenced the shape of the Cold War's first front - the East-West confrontation centered in Europe - and third front in the developing world. Each chapter, while focused on particular countries and particular timespans, situates its story within a broad overview. And the volume stresses the uniqueness of the region's historical experience and explains how it serves as the background to some of the key conflicts in East Asia today.--Back cover</subfield></datafield><datafield ind1=" " ind2="7" tag="648"><subfield code="a">Geschichte 1945-1991</subfield><subfield code="2">gnd</subfield></datafield><datafield ind1=" " ind2="7" tag="648"><subfield code="a">Geschichte</subfield><subfield code="2">gnd</subfield></datafield><datafield ind1=" " ind2="7" tag="648"><subfield code="a">Geschichte (umfassend)</subfield><subfield code="2">idszbz</subfield></datafield><datafield ind1=" " ind2="7" tag="650"><subfield code="a">Guerre froide</subfield><subfield code="0">(IDREF)031335837</subfield><subfield code="2">idref</subfield></datafield><datafield ind1=" " ind2="7" tag="650"><subfield code="a">1945-1991</subfield><subfield code="2">rero</subfield></datafield><datafield ind1=" " ind2="7" tag="650"><subfield code="a">relations internationales est-ouest</subfield><subfield code="0">(RERO)A009976691</subfield><subfield code="2">rerovoc</subfield></datafield><datafield ind1=" " ind2="7" tag="650"><subfield code="a">Außenpolitik</subfield><subfield code="0">(DE-588)4003846-4</subfield><subfield code="2">gnd</subfield></datafield><datafield ind1=" " ind2="0" tag="650"><subfield code="a">Cold War</subfield></datafield><datafield ind1=" " ind2="7" tag="650"><subfield code="a">Ost-West-Konflikt</subfield><subfield code="0">(DE-588)4075770-5</subfield><subfield code="2">gnd</subfield></datafield><datafield ind1=" " ind2="7" tag="650"><subfield code="a">Ost-West-Konflikt</subfield><subfield code="2">idszbz</subfield></datafield><datafield ind1=" " ind2="7" tag="651"><subfield code="a">Asie orientale</subfield><subfield code="0">(IDREF)027502333</subfield><subfield code="2">idref</subfield></datafield><datafield ind1=" " ind2="0" tag="651"><subfield code="a">East Asia</subfield><subfield code="x">Politics and government</subfield><subfield code="y">20th century</subfield></datafield><datafield ind1=" " ind2="7" tag="651"><subfield code="a">Ostasien</subfield><subfield code="0">(DE-588)4075727-4</subfield><subfield code="2">gnd</subfield></datafield><datafield ind1=" " ind2="7" tag="651"><subfield code="a">Ostasien</subfield><subfield code="2">idszbz</subfield></datafield><datafield ind1=" " ind2="7" tag="655"><subfield code="a">Actes de congrès</subfield><subfield code="0">(IDREF)02886431X</subfield><subfield code="2">idref</subfield></datafield><datafield ind1=" " ind2="7" tag="655"><subfield code="a">Aufsatzsammlung</subfield><subfield code="2">gnd-content</subfield></datafield><datafield ind1=" " ind2="7" tag="655"><subfield code="a">Aufsatzsammlung</subfield><subfield code="2">idszbz</subfield></datafield><datafield ind1=" " ind2=" " tag="690"><subfield code="a">Asien; Außenpolitik; Friedenssicherung; kalter Krieg; Kalifornien; Divergenz; Einleitung; Erfahrung; Okkupation; Orthographie; Kampf; Peking</subfield><subfield code="2">idssg-J</subfield></datafield><datafield ind1=" " ind2=" " tag="690"><subfield code="a">OstAsien; Testfall</subfield><subfield code="2">idssg-J</subfield></datafield><datafield ind1=" " ind2=" " tag="690"><subfield code="a">sowjetischer Krieg; chinesische Außenpolitik; chinesischjapanische Freundschaft; chinesischjapanischer Friedensvertrag; chinesischsowjetische Allianz; goldenes Jahr; große Divergenz; militärische Besetzung; militärisches Empire; mitwirkender Index; sowjetische Politik; strategisches Viereck; vereinigtes Korea; vereinigter Staat; zentraler Testfall; zweite Bedeutung</subfield><subfield code="2">idssg-J</subfield></datafield><datafield ind1=" " ind2=" " tag="690"><subfield code="a">Asien C90ASI; Korea C9SOUT; Russland C4EXRU; Vereinigte Staaten C1USA; China C9CHIN; Sowjetunion C0USSR; Kalifornien C1USA; Japan C9JAPA; Togo C6TOGO; Südkorea C9SOUT</subfield><subfield code="2">idssg-J</subfield></datafield><datafield ind1=" " ind2=" " tag="690"><subfield code="a">Außenpolitik Moskaus Prioritäten; Chen Jian; Gorbatschow; Gregg Brazinsky; Hugh Lee; Ilya Gaiduk; Implikation Chinas Erfahrung; kalt Krieges Asien; kalt Krieges Korea; Kim Sungs Balancing Act; Lorenz Liithi; Nobuo Shimotomai; Odd Ame Westad; Sergey Radchenko Mitwirkende Index; Stanford Kalifornien Danksagung; Sungs Balancing Act; Tsuyoshi Hasegawa Woodrow; Tsuyoshi Hasegawa Woodrow Wilson Center; Veränderung Sowjetische Politik; Vladislav Zubok; Washington Stanford University</subfield><subfield code="2">idssg-J</subfield></datafield><datafield ind1="1" ind2=" " tag="700"><subfield code="a">Hasegawa, Tsuyoshi</subfield><subfield code="d">1941-</subfield><subfield code="0">(DE-588)134038479</subfield><subfield code="e">Herausgeber</subfield><subfield code="4">edt</subfield><subfield code="6">880-02</subfield></datafield><datafield ind1="1" ind2=" " tag="880"><subfield code="6">700-02</subfield><subfield code="a">Hasegawa, Tsuyoshi</subfield><subfield code="d">1941-....</subfield><subfield code="0">(IDREF)032253648</subfield></datafield><datafield ind1="2" ind2=" " tag="710"><subfield code="a">University of California (Santa Barbara, Calif.)</subfield><subfield code="b">Center for Cold War Studies and International History</subfield><subfield code="d">2005, 2006, 2007</subfield><subfield code="c">Santa Barbara</subfield><subfield code="0">(RERO)A019056881</subfield></datafield><datafield ind1="4" ind2=" " tag="856"><subfield code="z">Book review (H-Net)</subfield><subfield code="u">http://www.h-net.org/reviews/showrev.php?id=40847</subfield></datafield><datafield ind1="4" ind2=" " tag="856"><subfield code="3">Titelblatt und Inhaltsverzeichnis</subfield><subfield code="u">https://toc.library.ethz.ch/objects/pdf/z01_978-0-8047-7331-7_01.pdf</subfield><subfield code="q">pdf</subfield></datafield><datafield ind1=" " ind2=" " tag="900"><subfield code="a">REROnoselfmerge</subfield></datafield><datafield ind1=" " ind2=" " tag="900"><subfield code="a">IDSZ2zbzmon201104f</subfield><subfield code="c">IDSZ2beer</subfield><subfield code="d">IDSZ2zbzswk201110b</subfield><subfield code="e">IDSZ2brue</subfield></datafield><datafield ind1=" " ind2=" " tag="910"><subfield code="a">LOC</subfield><subfield code="b">20110707</subfield><subfield code="c">Droits réservés</subfield></datafield><datafield ind1=" " ind2=" " tag="911"><subfield code="a">700</subfield><subfield code="a">Hasegawa, Tsuyoshi</subfield><subfield code="d">1941-</subfield></datafield><datafield ind1=" " ind2=" " tag="949"><subfield code="a">https://toc.library.ethz.ch/objects/pdf/z01_978-0-8047-7331-7_01.pdf</subfield></datafield></record>
</metadata></record>