<record><header><identifier>oai:alma.41SLSP_UGE:991000802379705502</identifier><datestamp>2023-03-01T01:10:19Z</datestamp><setSpec>uge_bcen_RapidILL_BOOK</setSpec><setSpec>uge_aaca_RapidILL_BOOK</setSpec><setSpec>uge_abels_RapidILL_BOOK</setSpec><setSpec>uge_dbu_RapidILL_BOOK</setSpec><setSpec>uge_cmu_RapidILL_BOOK</setSpec><setSpec>uge_mail_RapidILL_BOOK</setSpec><setSpec>UNIGE_ALL</setSpec><setSpec>uge_abbat_RapidILL_BOOK</setSpec><setSpec>uge_aobs_RapidILL_BOOK</setSpec><setSpec>uge_acar_RapidILL_BOOK</setSpec></header><metadata>
<record xmlns="http://www.loc.gov/MARC21/slim" xmlns:xsi="http://www.w3.org/2001/XMLSchema-instance" xsi:schemaLocation="http://www.loc.gov/MARC21/slim http://www.loc.gov/standards/marcxml/schema/MARC21slim.xsd"><leader>04672nam a2200361 c 4500</leader><controlfield tag="001">991000802379705502</controlfield><controlfield tag="005">20201225182839.0</controlfield><controlfield tag="008">950517s1968    it ||||| |||| 00| ||rus d</controlfield><datafield ind1=" " ind2=" " tag="035"><subfield code="a">(swissbib)089965078-41slsp_network</subfield></datafield><datafield ind1=" " ind2=" " tag="035"><subfield code="a">089965078</subfield><subfield code="9">ExL</subfield></datafield><datafield ind1=" " ind2=" " tag="035"><subfield code="a">(RERO)2022533-41slsp</subfield></datafield><datafield ind1=" " ind2=" " tag="035"><subfield code="a">(EXLNZ-41SLSP_NETWORK)991050723569705501</subfield></datafield><datafield ind1=" " ind2=" " tag="040"><subfield code="a">RERO geulru</subfield><subfield code="d">CH-ZuSLS</subfield></datafield><datafield ind1=" " ind2="7" tag="072"><subfield code="a">ru</subfield><subfield code="2">rero</subfield></datafield><datafield ind1="1" ind2=" " tag="100"><subfield code="6">880-01</subfield><subfield code="a">Saharov, Andrej Dmitrievič</subfield><subfield code="d">1921-1989</subfield><subfield code="0">(IDREF)027119378</subfield><subfield code="4">cre</subfield></datafield><datafield ind1="1" ind2=" " tag="880"><subfield code="6">100-01/(N</subfield><subfield code="a">Сахаров, Андрей Дмитриевич</subfield></datafield><datafield ind1="1" ind2="0" tag="245"><subfield code="6">880-02</subfield><subfield code="a">&quot;...po voprosu, imei︠u︡shchemu bolʹshoe znachenie&quot;</subfield><subfield code="b">[Pisʹmo A.D. Sakharova, V.F. Turchina i R.A. Medvedeva rukovoditeli︠a︡m Partii i pravitelʹstva. Razmyshlenii︠a︡ o progresse, mirnom sosushchestvovanii i intellektualʹnoĭ svobode</subfield><subfield code="c">A.D. Sakharov]</subfield></datafield><datafield ind1="1" ind2="0" tag="880"><subfield code="6">245-02/(N</subfield><subfield code="a">&quot;...по вопросу, имеющему большое значение&quot;</subfield><subfield code="b">[Письмо А.Д. Сахарова, В.Ф. Турчина и Р.А. Медведева руководителям Партии и правительства. Размышления о прогрессе, мирном сосуществовании и интеллектуальной свободе</subfield><subfield code="c">А.Д. Сахаров]</subfield></datafield><datafield ind1="1" ind2=" " tag="246"><subfield code="a">&quot;...po voprosu, imejuščemu bolʹšoe značenie&quot;</subfield><subfield code="b">[Pisʹmo A.D. Sacharova, V.F. Turčina i R.A. Medvedeva rukovoditeljam Partii i pravitelʹstva. Razmyšlenija o progresse, mirnom sosuščestvovanii i intellektualʹnoj svobode / A.D. Sacharov]</subfield></datafield><datafield ind1=" " ind2="1" tag="264"><subfield code="6">880-03</subfield><subfield code="a">Torino</subfield><subfield code="b">[éditeur non identifié]</subfield><subfield code="c">[1968?]</subfield></datafield><datafield ind1=" " ind2="1" tag="880"><subfield code="6">264-03/(N</subfield><subfield code="a">Торино</subfield><subfield code="b">[éditeur non identifié]</subfield><subfield code="c">[1968?]</subfield></datafield><datafield ind1=" " ind2=" " tag="300"><subfield code="a">76 p.</subfield><subfield code="c">17 cm</subfield></datafield><datafield ind1=" " ind2=" " tag="336"><subfield code="b">txt</subfield><subfield code="2">rdacontent</subfield></datafield><datafield ind1=" " ind2=" " tag="337"><subfield code="b">n</subfield><subfield code="2">rdamedia</subfield></datafield><datafield ind1=" " ind2=" " tag="338"><subfield code="b">nc</subfield><subfield code="2">rdacarrier</subfield></datafield><datafield ind1=" " ind2=" " tag="500"><subfield code="a">Texte daté : Juin 1968</subfield></datafield><datafield ind1="1" ind2=" " tag="700"><subfield code="a">Sakharov, Andreĭ Dmitrievich</subfield></datafield><datafield ind1="1" ind2=" " tag="700"><subfield code="6">880-04</subfield><subfield code="a">Medvedev, Roj Aleksandrovič</subfield><subfield code="d">1925-....</subfield><subfield code="0">(IDREF)027021203</subfield></datafield><datafield ind1="1" ind2=" " tag="880"><subfield code="6">700-04/(N</subfield><subfield code="a">Медведев, Рой Александрович</subfield></datafield><datafield ind1="1" ind2=" " tag="700"><subfield code="6">880-05</subfield><subfield code="a">Turčin, Valerij Stefanovič</subfield><subfield code="d">1941-....</subfield><subfield code="0">(IDREF)079111041</subfield></datafield><datafield ind1="1" ind2=" " tag="880"><subfield code="6">700-05/(N</subfield><subfield code="a">Турчин, Валерий Стефанович</subfield></datafield><datafield ind1="1" ind2="2" tag="700"><subfield code="6">880-06</subfield><subfield code="a">Sakharov, Andreĭ Dmitrievich</subfield><subfield code="t">Razmyshlenii︠a︡ o progresse, mirnom sosushchestvovanii i intellektualʹnoĭ svobode</subfield></datafield><datafield ind1="1" ind2="2" tag="880"><subfield code="6">700-06/(N</subfield><subfield code="a">Сахаров, Андрей Дмитриевич</subfield><subfield code="t">Размышления о прогрессе, мирном сосуществовании и интеллектуальной свободе</subfield></datafield><datafield ind1=" " ind2=" " tag="900"><subfield code="a">REROnoselfmerge</subfield></datafield></record>
</metadata></record>