<record><header><identifier>oai:alma.41SLSP_UGE:991000803109705502</identifier><datestamp>2023-03-31T00:22:16Z</datestamp><setSpec>uge_bcen_RapidILL_BOOK</setSpec><setSpec>uge_aaca_RapidILL_BOOK</setSpec><setSpec>uge_abels_RapidILL_BOOK</setSpec><setSpec>uge_dbu_RapidILL_BOOK</setSpec><setSpec>uge_cmu_RapidILL_BOOK</setSpec><setSpec>uge_mail_RapidILL_BOOK</setSpec><setSpec>uge_abbat_RapidILL_BOOK</setSpec><setSpec>UNIGE_ALL</setSpec><setSpec>uge_acar_RapidILL_BOOK</setSpec><setSpec>uge_aobs_RapidILL_BOOK</setSpec></header><metadata>
<record xmlns="http://www.loc.gov/MARC21/slim" xmlns:xsi="http://www.w3.org/2001/XMLSchema-instance" xsi:schemaLocation="http://www.loc.gov/MARC21/slim http://www.loc.gov/standards/marcxml/schema/MARC21slim.xsd"><leader>02290nam a2200493 c 4500</leader><controlfield tag="001">991000803109705502</controlfield><controlfield tag="005">20230330222035.0</controlfield><controlfield tag="008">201011s2006    gw ||||| |||| 10| ||eng d</controlfield><datafield ind1=" " ind2=" " tag="020"><subfield code="a">9783540327653</subfield></datafield><datafield ind1=" " ind2=" " tag="020"><subfield code="a">3540327657</subfield></datafield><datafield ind1=" " ind2=" " tag="020"><subfield code="a">9783540327660</subfield><subfield code="q">eBook</subfield></datafield><datafield ind1=" " ind2=" " tag="035"><subfield code="a">(swissbib)224468197-41slsp_network</subfield></datafield><datafield ind1=" " ind2=" " tag="035"><subfield code="a">224468197</subfield><subfield code="9">ExL</subfield></datafield><datafield ind1=" " ind2=" " tag="035"><subfield code="a">(RERO)R004370632-41slsp</subfield></datafield><datafield ind1=" " ind2=" " tag="035"><subfield code="a">(NEBIS)005157563EBI01</subfield></datafield><datafield ind1=" " ind2=" " tag="035"><subfield code="a">(EXLNZ-41SLSP_NETWORK)991050895149705501</subfield></datafield><datafield ind1=" " ind2=" " tag="040"><subfield code="a">RERO geucui</subfield><subfield code="d">CH-ZuSLS</subfield></datafield><datafield ind1=" " ind2="7" tag="072"><subfield code="a">in</subfield><subfield code="2">rero</subfield></datafield><datafield ind1="0" ind2="0" tag="245"><subfield code="a">Architecture of computing systems - ARCS 2006</subfield><subfield code="b">19th international conference, Frankfurt/Main, Germany, March 13-16, 2006 : proceedings</subfield><subfield code="c">Werner Grass ... [et al.], (eds.)</subfield></datafield><datafield ind1="1" ind2=" " tag="246"><subfield code="a">ARCS 2006</subfield></datafield><datafield ind1=" " ind2="1" tag="264"><subfield code="a">Berlin</subfield><subfield code="b">Springer</subfield><subfield code="c">2006</subfield></datafield><datafield ind1=" " ind2=" " tag="300"><subfield code="a">496 p.</subfield><subfield code="b">ill.</subfield></datafield><datafield ind1=" " ind2=" " tag="336"><subfield code="b">txt</subfield><subfield code="2">rdacontent</subfield></datafield><datafield ind1=" " ind2=" " tag="337"><subfield code="b">n</subfield><subfield code="2">rdamedia</subfield></datafield><datafield ind1=" " ind2=" " tag="338"><subfield code="b">nc</subfield><subfield code="2">rdacarrier</subfield></datafield><datafield ind1="1" ind2=" " tag="490"><subfield code="a">Lecture notes in computer science</subfield><subfield code="v">3894</subfield></datafield><datafield ind1=" " ind2=" " tag="500"><subfield code="a">Variante du titre: ARCS 2006</subfield></datafield><datafield ind1=" " ind2="7" tag="650"><subfield code="a">Architecture des ordinateurs</subfield><subfield code="0">(IDREF)027269787</subfield><subfield code="2">idref</subfield></datafield><datafield ind1=" " ind2="7" tag="650"><subfield code="a">Architecture des réseaux d'ordinateurs</subfield><subfield code="0">(IDREF)028869931</subfield><subfield code="2">idref</subfield></datafield><datafield ind1=" " ind2="7" tag="650"><subfield code="a">Architecture logicielle</subfield><subfield code="0">(IDREF)166106496</subfield><subfield code="2">idref</subfield></datafield><datafield ind1=" " ind2="7" tag="650"><subfield code="a">Informatique omniprésente</subfield><subfield code="0">(IDREF)083817581</subfield><subfield code="2">idref</subfield></datafield><datafield ind1=" " ind2="7" tag="650"><subfield code="a">Ordinateurs</subfield><subfield code="0">(IDREF)027338231</subfield><subfield code="2">idref</subfield></datafield><datafield ind1=" " ind2="0" tag="650"><subfield code="a">Computer network architectures</subfield></datafield><datafield ind1=" " ind2="4" tag="650"><subfield code="a">Computer System Implementation</subfield></datafield><datafield ind1=" " ind2="7" tag="650"><subfield code="a">PROZESSORARCHITEKTUREN + RECHNERARCHITEKTUREN (COMPUTERSYSTEME)</subfield><subfield code="9">ger</subfield><subfield code="0">(ETHUDK)000051807</subfield><subfield code="2">ethudk</subfield></datafield><datafield ind1=" " ind2="7" tag="650"><subfield code="a">SYSTEMARCHITEKTUREN (COMPUTERSYSTEME)</subfield><subfield code="9">ger</subfield><subfield code="0">(ETHUDK)000047760</subfield><subfield code="2">ethudk</subfield></datafield><datafield ind1=" " ind2="7" tag="655"><subfield code="a">Actes de congrès</subfield><subfield code="0">(IDREF)02886431X</subfield><subfield code="2">idref</subfield></datafield><datafield ind1=" " ind2="7" tag="655"><subfield code="a">Konferenzschrift</subfield><subfield code="z">Frankfurt (Main)</subfield><subfield code="y">2006</subfield><subfield code="2">gnd-content</subfield></datafield><datafield ind1="1" ind2=" " tag="700"><subfield code="a">Grass, Werner</subfield><subfield code="0">(RERO)A013170476</subfield></datafield><datafield ind1="2" ind2=" " tag="711"><subfield code="a">International Conference on Architecture of Computing Systems</subfield><subfield code="0">(DE-588)1091857032</subfield></datafield><datafield ind1="2" ind2=" " tag="711"><subfield code="a">International Conference on Architecture of Computing Systems</subfield><subfield code="n">19</subfield><subfield code="d">2006</subfield><subfield code="c">Frankfurt</subfield><subfield code="0">(RERO)A013170477</subfield></datafield><datafield ind1="4" ind2=" " tag="856"><subfield code="3">Abstract / Autoreninformation</subfield><subfield code="u">https://toc.library.ethz.ch/objects/pdf/000162430_e01_3540327657_02.pdf</subfield><subfield code="q">pdf</subfield></datafield><datafield ind1=" " ind2=" " tag="830"><subfield code="a">Lecture notes in computer science</subfield><subfield code="n">3000 (2004) to 4999 (2008)</subfield><subfield code="v">3894</subfield><subfield code="w">(NEBIS)004701431EBI01</subfield></datafield><datafield ind1=" " ind2=" " tag="830"><subfield code="a">Lecture notes in computer science</subfield><subfield code="v">3894</subfield><subfield code="w">(RERO)0078255-41slsp</subfield></datafield><datafield ind1=" " ind2=" " tag="900"><subfield code="a">REROnoselfmerge</subfield></datafield></record>
</metadata></record>