<record><header><identifier>oai:alma.41SLSP_UGE:991000803299705502</identifier><datestamp>2023-03-01T01:10:19Z</datestamp><setSpec>uge_bcen_RapidILL_BOOK</setSpec><setSpec>uge_aaca_RapidILL_BOOK</setSpec><setSpec>uge_abels_RapidILL_BOOK</setSpec><setSpec>uge_dbu_RapidILL_BOOK</setSpec><setSpec>uge_cmu_RapidILL_BOOK</setSpec><setSpec>uge_mail_RapidILL_BOOK</setSpec><setSpec>UNIGE_ALL</setSpec><setSpec>uge_abbat_RapidILL_BOOK</setSpec><setSpec>uge_aobs_RapidILL_BOOK</setSpec><setSpec>uge_acar_RapidILL_BOOK</setSpec></header><metadata>
<record xmlns="http://www.loc.gov/MARC21/slim" xmlns:xsi="http://www.w3.org/2001/XMLSchema-instance" xsi:schemaLocation="http://www.loc.gov/MARC21/slim http://www.loc.gov/standards/marcxml/schema/MARC21slim.xsd"><leader>02489nam a2200637 c 4500</leader><controlfield tag="001">991000803299705502</controlfield><controlfield tag="005">20210207203213.0</controlfield><controlfield tag="008">201012s1985    flua     b||| 001 0 eng| </controlfield><datafield ind1=" " ind2=" " tag="010"><subfield code="a">86198582</subfield></datafield><datafield ind1="7" ind2=" " tag="016"><subfield code="a">8611811</subfield><subfield code="2">DNLM</subfield></datafield><datafield ind1="7" ind2=" " tag="016"><subfield code="a">006197882</subfield><subfield code="2">Uk</subfield></datafield><datafield ind1=" " ind2=" " tag="020"><subfield code="a">9780121533243</subfield></datafield><datafield ind1=" " ind2=" " tag="020"><subfield code="a">0121533247</subfield></datafield><datafield ind1=" " ind2=" " tag="035"><subfield code="a">(swissbib)240256158-41slsp_network</subfield></datafield><datafield ind1=" " ind2=" " tag="035"><subfield code="a">240256158</subfield><subfield code="9">ExL</subfield></datafield><datafield ind1=" " ind2=" " tag="035"><subfield code="a">(IDSBB)007089261DSV01</subfield></datafield><datafield ind1=" " ind2=" " tag="035"><subfield code="a">(NEBIS)000344541EBI01</subfield></datafield><datafield ind1=" " ind2=" " tag="035"><subfield code="a">(RERO)0988835-41slsp</subfield></datafield><datafield ind1=" " ind2=" " tag="035"><subfield code="a">(OCoLC)12195325</subfield><subfield code="z">(OCoLC)14692647</subfield></datafield><datafield ind1=" " ind2=" " tag="035"><subfield code="a">(EXLNZ-41SLSP_NETWORK)991159962939705501</subfield></datafield><datafield ind1=" " ind2=" " tag="040"><subfield code="a">DLC</subfield><subfield code="b">ger</subfield><subfield code="e">rda</subfield><subfield code="d">CH-ZuSLS</subfield></datafield><datafield ind1="0" ind2="4" tag="050"><subfield code="a">QP552.M44</subfield></datafield><datafield ind1="0" ind2="0" tag="060"><subfield code="a">W1</subfield><subfield code="b">CU82J v.24 1985</subfield></datafield><datafield ind1="1" ind2="0" tag="060"><subfield code="a">QH 601</subfield><subfield code="b">M53257 1985</subfield></datafield><datafield ind1=" " ind2="7" tag="072"><subfield code="a">ch</subfield><subfield code="2">rero</subfield></datafield><datafield ind1="0" ind2="4" tag="082"><subfield code="a">574.87/5 s</subfield><subfield code="2">19</subfield><subfield code="a">574.87/5</subfield></datafield><datafield ind1=" " ind2=" " tag="084"><subfield code="a">35.76</subfield><subfield code="2">bcl</subfield></datafield><datafield ind1=" " ind2=" " tag="084"><subfield code="a">42.15</subfield><subfield code="2">bcl</subfield></datafield><datafield ind1=" " ind2=" " tag="084"><subfield code="a">WE 5000</subfield><subfield code="2">rvk</subfield></datafield><datafield ind1="0" ind2="0" tag="245"><subfield code="a">Membrane protein biosynthesis and turnover</subfield><subfield code="c">guest editors Philip A. Knauf, John S. Cook</subfield></datafield><datafield ind1=" " ind2="1" tag="264"><subfield code="a">Orlando</subfield><subfield code="b">Academic Press</subfield><subfield code="c">1985</subfield></datafield><datafield ind1=" " ind2=" " tag="300"><subfield code="a">XIII, 531 p.</subfield><subfield code="b">Ill.</subfield><subfield code="c">24 cm</subfield></datafield><datafield ind1=" " ind2=" " tag="336"><subfield code="b">txt</subfield><subfield code="2">rdacontent</subfield></datafield><datafield ind1=" " ind2=" " tag="337"><subfield code="b">n</subfield><subfield code="2">rdamedia</subfield></datafield><datafield ind1=" " ind2=" " tag="338"><subfield code="b">nc</subfield><subfield code="2">rdacarrier</subfield></datafield><datafield ind1="1" ind2=" " tag="490"><subfield code="a">Current topics in membranes and transport</subfield><subfield code="v">volume 24</subfield></datafield><datafield ind1=" " ind2=" " tag="504"><subfield code="a">Includes bibliographical references and index</subfield></datafield><datafield ind1=" " ind2="7" tag="650"><subfield code="a">Biomembran</subfield><subfield code="0">(DE-588)4006884-5</subfield><subfield code="2">gnd</subfield></datafield><datafield ind1=" " ind2="7" tag="650"><subfield code="a">Biosynthese</subfield><subfield code="0">(DE-588)4006902-3</subfield><subfield code="2">gnd</subfield></datafield><datafield ind1=" " ind2="7" tag="650"><subfield code="a">Membranproteine</subfield><subfield code="0">(DE-588)4130026-9</subfield><subfield code="2">gnd</subfield></datafield><datafield ind1=" " ind2="7" tag="650"><subfield code="a">Proteinbiosynthese</subfield><subfield code="0">(DE-588)4175987-4</subfield><subfield code="2">gnd</subfield></datafield><datafield ind1=" " ind2="7" tag="650"><subfield code="a">Proteinstoffwechsel</subfield><subfield code="0">(DE-588)4014135-4</subfield><subfield code="2">gnd</subfield></datafield><datafield ind1=" " ind2="0" tag="650"><subfield code="a">Membrane proteins</subfield><subfield code="x">Metabolism</subfield></datafield><datafield ind1=" " ind2="0" tag="650"><subfield code="a">Membrane proteins</subfield><subfield code="x">Synthesis</subfield></datafield><datafield ind1=" " ind2="2" tag="650"><subfield code="a">Cell Membrane</subfield><subfield code="x">metabolism</subfield><subfield code="0">(DNLM)D002462Q000378</subfield></datafield><datafield ind1=" " ind2="2" tag="650"><subfield code="a">Protein Biosynthesis</subfield><subfield code="0">(DNLM)D014176</subfield></datafield><datafield ind1=" " ind2="7" tag="650"><subfield code="a">Membrane proteins</subfield><subfield code="x">Synthesis</subfield><subfield code="2">fast</subfield></datafield><datafield ind1=" " ind2="7" tag="650"><subfield code="a">MEMBRANPROTEINE UND PROTEINSTRUKTUR BIOLOGISCHER MEMBRANEN</subfield><subfield code="9">ger</subfield><subfield code="0">(ETHUDK)000022964</subfield><subfield code="2">ethudk</subfield></datafield><datafield ind1=" " ind2="7" tag="650"><subfield code="a">PROTEINBIOSYNTHESE + PROTEINANABOLISMUS + PEPTIDBIOSYNTHESE + PEPTIDANABOLISMUS (METABOLISMUS)</subfield><subfield code="9">ger</subfield><subfield code="0">(ETHUDK)000021973</subfield><subfield code="2">ethudk</subfield></datafield><datafield ind1=" " ind2="7" tag="650"><subfield code="a">PROTEINMETABOLISMUS + PEPTIDMETABOLISMUS</subfield><subfield code="9">ger</subfield><subfield code="0">(ETHUDK)000021965</subfield><subfield code="2">ethudk</subfield></datafield><datafield ind1="1" ind2=" " tag="700"><subfield code="a">Knauf, Philip Andrew</subfield></datafield><datafield ind1="1" ind2=" " tag="700"><subfield code="a">Cook, John S.</subfield><subfield code="d">1927-2011</subfield><subfield code="0">(DE-588)106914763X</subfield><subfield code="e">Herausgeber</subfield><subfield code="4">edt</subfield></datafield><datafield ind1="1" ind2=" " tag="700"><subfield code="a">Knauf, Philip A.</subfield><subfield code="e">Herausgeber</subfield><subfield code="4">edt</subfield><subfield code="6">880-03</subfield></datafield><datafield ind1="1" ind2=" " tag="880"><subfield code="a">Knauf, Philip A</subfield><subfield code="0">(RERO)A003461348</subfield><subfield code="6">700-03</subfield></datafield><datafield ind1=" " ind2="0" tag="830"><subfield code="a">Current topics in membranes and transport</subfield><subfield code="v">24</subfield><subfield code="w">(IDSBB)000086009DSV01</subfield></datafield><datafield ind1=" " ind2=" " tag="900"><subfield code="a">IDSDSStoppsignal FRED</subfield></datafield><datafield ind1=" " ind2=" " tag="900"><subfield code="a">REROnoselfmerge</subfield></datafield></record>
</metadata></record>