<record><header><identifier>oai:alma.41SLSP_UGE:991000802989705502</identifier><datestamp>2023-06-30T00:19:23Z</datestamp><setSpec>uge_bcen_RapidILL_BOOK</setSpec><setSpec>uge_aaca_RapidILL_BOOK</setSpec><setSpec>uge_abels_RapidILL_BOOK</setSpec><setSpec>uge_dbu_RapidILL_BOOK</setSpec><setSpec>uge_cmu_RapidILL_BOOK</setSpec><setSpec>uge_mail_RapidILL_BOOK</setSpec><setSpec>uge_abbat_RapidILL_BOOK</setSpec><setSpec>UNIGE_ALL</setSpec><setSpec>uge_acar_RapidILL_BOOK</setSpec><setSpec>uge_aobs_RapidILL_BOOK</setSpec></header><metadata>
<record xmlns="http://www.loc.gov/MARC21/slim" xmlns:xsi="http://www.w3.org/2001/XMLSchema-instance" xsi:schemaLocation="http://www.loc.gov/MARC21/slim http://www.loc.gov/standards/marcxml/schema/MARC21slim.xsd"><leader>02693naa a2200517 c 4500</leader><controlfield tag="001">991000802989705502</controlfield><controlfield tag="005">20230629192729.0</controlfield><controlfield tag="008">151102s2015    sz ||||| |||| 00| ||fre d</controlfield><datafield ind1=" " ind2=" " tag="035"><subfield code="a">(swissbib)122264398-41slsp_network</subfield></datafield><datafield ind1=" " ind2=" " tag="035"><subfield code="a">122264398</subfield><subfield code="9">ExL</subfield></datafield><datafield ind1=" " ind2=" " tag="035"><subfield code="a">(RERO)R008292942-41slsp</subfield></datafield><datafield ind1=" " ind2=" " tag="035"><subfield code="a">(EXLNZ-41SLSP_NETWORK)991040081129705501</subfield></datafield><datafield ind1=" " ind2=" " tag="040"><subfield code="a">RERO geubfd</subfield><subfield code="d">CH-ZuSLS</subfield></datafield><datafield ind1=" " ind2=" " tag="044"><subfield code="a">sz</subfield><subfield code="c">ch-zh</subfield></datafield><datafield ind1=" " ind2="7" tag="072"><subfield code="a">dr</subfield><subfield code="2">rero</subfield></datafield><datafield ind1=" " ind2=" " tag="084"><subfield code="a">CA/CH 38 i</subfield><subfield code="2">cjurrom</subfield></datafield><datafield ind1=" " ind2=" " tag="084"><subfield code="a">D 18.2 i CH</subfield><subfield code="2">cjurrom</subfield></datafield><datafield ind1="1" ind2=" " tag="100"><subfield code="a">Hottelier, Michel</subfield><subfield code="d">1958-....</subfield><subfield code="0">(IDREF)085686166</subfield><subfield code="4">cre</subfield></datafield><datafield ind1="1" ind2="0" tag="245"><subfield code="a">&lt;&lt;La&gt;&gt; pratique suisse relative aux droits de l'homme 2014</subfield><subfield code="c">par Michel Hottelier et Vincent Martenet ; avec la collab. de Véronique Dubosson ... [et al.]</subfield></datafield><datafield ind1=" " ind2=" " tag="336"><subfield code="b">txt</subfield><subfield code="2">rdacontent</subfield></datafield><datafield ind1=" " ind2=" " tag="337"><subfield code="b">n</subfield><subfield code="2">rdamedia</subfield></datafield><datafield ind1=" " ind2=" " tag="338"><subfield code="b">nc</subfield><subfield code="2">rdacarrier</subfield></datafield><datafield ind1=" " ind2=" " tag="500"><subfield code="a">Autre collab.: Zohra Kibboua</subfield></datafield><datafield ind1=" " ind2=" " tag="580"><subfield code="a">In: Revue suisse de droit international et européen. - Zürich. - Jg. 25(2015), 3, p. 457-491</subfield></datafield><datafield ind1=" " ind2="7" tag="650"><subfield code="a">Grundrecht</subfield><subfield code="9">ger</subfield><subfield code="0">(RERO)jurivoc000010415ger</subfield><subfield code="2">jurivoc</subfield></datafield><datafield ind1=" " ind2="7" tag="650"><subfield code="a">EMRK</subfield><subfield code="9">ger</subfield><subfield code="0">(RERO)jurivoc000006844ger</subfield><subfield code="2">jurivoc</subfield></datafield><datafield ind1=" " ind2="7" tag="650"><subfield code="a">Zusatzprotokoll</subfield><subfield code="9">ger</subfield><subfield code="0">(RERO)jurivoc000027395ger</subfield><subfield code="2">jurivoc</subfield></datafield><datafield ind1=" " ind2="7" tag="650"><subfield code="a">UNO-Pakt I</subfield><subfield code="9">ger</subfield><subfield code="0">(RERO)jurivoc000023734ger</subfield><subfield code="2">jurivoc</subfield></datafield><datafield ind1=" " ind2="7" tag="650"><subfield code="a">UNO-Pakt II</subfield><subfield code="9">ger</subfield><subfield code="0">(RERO)jurivoc000023735ger</subfield><subfield code="2">jurivoc</subfield></datafield><datafield ind1=" " ind2="7" tag="650"><subfield code="a">Übereinkommen über die Rechte des Kindes</subfield><subfield code="9">ger</subfield><subfield code="0">(RERO)jurivoc000022991ger</subfield><subfield code="2">jurivoc</subfield></datafield><datafield ind1=" " ind2="7" tag="650"><subfield code="a">Umsetzung des internationalen Rechts</subfield><subfield code="9">ger</subfield><subfield code="0">(RERO)jurivoc000023358ger</subfield><subfield code="2">jurivoc</subfield></datafield><datafield ind1=" " ind2="7" tag="650"><subfield code="a">Gerichts- und Verwaltungspraxis</subfield><subfield code="9">ger</subfield><subfield code="0">(RERO)jurivoc000009624ger</subfield><subfield code="2">jurivoc</subfield></datafield><datafield ind1=" " ind2="7" tag="650"><subfield code="a">richterliche Behörde</subfield><subfield code="9">ger</subfield><subfield code="0">(RERO)jurivoc000018932ger</subfield><subfield code="2">jurivoc</subfield></datafield><datafield ind1=" " ind2="7" tag="650"><subfield code="a">oberstes Gericht</subfield><subfield code="9">ger</subfield><subfield code="0">(RERO)jurivoc000016213ger</subfield><subfield code="2">jurivoc</subfield></datafield><datafield ind1=" " ind2="7" tag="650"><subfield code="a">Bundesgericht</subfield><subfield code="9">ger</subfield><subfield code="0">(RERO)jurivoc000004684ger</subfield><subfield code="2">jurivoc</subfield></datafield><datafield ind1=" " ind2="7" tag="650"><subfield code="a">Todesstrafe</subfield><subfield code="9">ger</subfield><subfield code="0">(RERO)jurivoc000022526ger</subfield><subfield code="2">jurivoc</subfield></datafield><datafield ind1=" " ind2="7" tag="650"><subfield code="a">Stellungnahme der Behörde</subfield><subfield code="9">ger</subfield><subfield code="0">(RERO)jurivoc000021346ger</subfield><subfield code="2">jurivoc</subfield></datafield><datafield ind1=" " ind2="7" tag="650"><subfield code="a">Botschaft(Parlamentsvorlage)</subfield><subfield code="9">ger</subfield><subfield code="0">(RERO)jurivoc000004450ger</subfield><subfield code="2">jurivoc</subfield></datafield><datafield ind1=" " ind2="7" tag="650"><subfield code="a">Bundesrat</subfield><subfield code="9">ger</subfield><subfield code="0">(RERO)jurivoc000004895ger</subfield><subfield code="2">jurivoc</subfield></datafield><datafield ind1=" " ind2="7" tag="650"><subfield code="a">Ratifikation(Staatsvertrag)</subfield><subfield code="9">ger</subfield><subfield code="0">(RERO)jurivoc000018130ger</subfield><subfield code="2">jurivoc</subfield></datafield><datafield ind1=" " ind2="7" tag="650"><subfield code="a">europäische Sozialcharta</subfield><subfield code="9">ger</subfield><subfield code="0">(RERO)jurivoc000007668ger</subfield><subfield code="2">jurivoc</subfield></datafield><datafield ind1=" " ind2="7" tag="651"><subfield code="a">Schweiz</subfield><subfield code="9">ger</subfield><subfield code="0">(RERO)jurivoc000019912ger</subfield><subfield code="2">jurivoc</subfield></datafield><datafield ind1=" " ind2="7" tag="655"><subfield code="a">Entscheidsammlung</subfield><subfield code="9">ger</subfield><subfield code="2">jurivoc</subfield><subfield code="0">(RERO)jurivoc000006982ger</subfield></datafield><datafield ind1="1" ind2=" " tag="700"><subfield code="a">Martenet, Vincent</subfield><subfield code="d">1971</subfield><subfield code="0">(IDREF)074074393</subfield></datafield><datafield ind1="1" ind2=" " tag="700"><subfield code="a">Dubosson, Véronique</subfield><subfield code="0">(RERO)A023782995</subfield></datafield><datafield ind1="1" ind2=" " tag="700"><subfield code="a">Kibboua, Zohra</subfield><subfield code="0">(RERO)A025881742</subfield></datafield><datafield ind1="0" ind2=" " tag="773"><subfield code="t">Schweizerische Zeitschrift für internationales und europäisches Recht : SZIER</subfield><subfield code="g">2015/457</subfield><subfield code="g">yr:2015</subfield><subfield code="w">(RERO)1413571-41slsp</subfield></datafield></record>
</metadata></record>