<record><header><identifier>oai:alma.41SLSP_UGE:991000802469705502</identifier><datestamp>2023-06-20T00:24:02Z</datestamp><setSpec>uge_bcen_RapidILL_BOOK</setSpec><setSpec>uge_aaca_RapidILL_BOOK</setSpec><setSpec>uge_abels_RapidILL_BOOK</setSpec><setSpec>uge_dbu_RapidILL_BOOK</setSpec><setSpec>uge_cmu_RapidILL_BOOK</setSpec><setSpec>uge_mail_RapidILL_BOOK</setSpec><setSpec>uge_abbat_RapidILL_BOOK</setSpec><setSpec>UNIGE_ALL</setSpec><setSpec>uge_aobs_RapidILL_BOOK</setSpec><setSpec>uge_acar_RapidILL_BOOK</setSpec></header><metadata>
<record xmlns="http://www.loc.gov/MARC21/slim" xmlns:xsi="http://www.w3.org/2001/XMLSchema-instance" xsi:schemaLocation="http://www.loc.gov/MARC21/slim http://www.loc.gov/standards/marcxml/schema/MARC21slim.xsd"><leader>02704nam a2200637 c 4500</leader><controlfield tag="001">991000802469705502</controlfield><controlfield tag="005">20230619204850.0</controlfield><controlfield tag="008">201011t20052005xxu||||| |||| 00| ||eng d</controlfield><datafield ind1=" " ind2=" " tag="010"><subfield code="a">2004054661</subfield></datafield><datafield ind1=" " ind2=" " tag="020"><subfield code="a">0874137160</subfield></datafield><datafield ind1=" " ind2=" " tag="020"><subfield code="a">9780874137163</subfield></datafield><datafield ind1=" " ind2=" " tag="035"><subfield code="a">(swissbib)220778019-41slsp_network</subfield></datafield><datafield ind1=" " ind2=" " tag="035"><subfield code="a">220778019</subfield><subfield code="9">ExL</subfield></datafield><datafield ind1=" " ind2=" " tag="035"><subfield code="a">(RERO)R004214848-41slsp</subfield></datafield><datafield ind1=" " ind2=" " tag="035"><subfield code="a">(NEBIS)005265402EBI01</subfield></datafield><datafield ind1=" " ind2=" " tag="035"><subfield code="a">(EXLNZ-41SLSP_NETWORK)991070619789705501</subfield></datafield><datafield ind1=" " ind2=" " tag="040"><subfield code="a">RERO geulan</subfield><subfield code="d">CH-ZuSLS</subfield></datafield><datafield ind1=" " ind2=" " tag="050"><subfield code="a">PR4384</subfield><subfield code="b">.G8513 2005</subfield></datafield><datafield ind1=" " ind2="7" tag="072"><subfield code="a">an</subfield><subfield code="2">rero</subfield></datafield><datafield ind1="0" ind2="4" tag="082"><subfield code="a">821/.7</subfield><subfield code="a">B</subfield><subfield code="2">22</subfield></datafield><datafield ind1="0" ind2="4" tag="082"><subfield code="a">821 .7</subfield><subfield code="a">B</subfield><subfield code="2">22</subfield></datafield><datafield ind1="1" ind2=" " tag="100"><subfield code="a">Guiccioli, Teresa</subfield><subfield code="d">1800-1873</subfield><subfield code="0">(DE-588)118905015</subfield><subfield code="6">880-01</subfield></datafield><datafield ind1="1" ind2=" " tag="880"><subfield code="a">Guiccioli, Teresa</subfield><subfield code="0">(RERO)A003328969</subfield><subfield code="4">cre</subfield><subfield code="6">100-01</subfield></datafield><datafield ind1="1" ind2="0" tag="245"><subfield code="a">Lord Byron's Life in Italy</subfield><subfield code="c">Teresa Guiccioli ; transl. by Michael Rees ; ed. by Peter Cochran</subfield></datafield><datafield ind1=" " ind2="1" tag="264"><subfield code="a">Newark</subfield><subfield code="b">University of Delaware Press</subfield><subfield code="c">[2005]</subfield></datafield><datafield ind1=" " ind2="4" tag="264"><subfield code="c">©2005</subfield></datafield><datafield ind1=" " ind2=" " tag="300"><subfield code="a">700 p.</subfield><subfield code="b">ill.</subfield><subfield code="c">25 cm</subfield></datafield><datafield ind1=" " ind2=" " tag="336"><subfield code="b">txt</subfield><subfield code="2">rdacontent</subfield></datafield><datafield ind1=" " ind2=" " tag="337"><subfield code="b">n</subfield><subfield code="2">rdamedia</subfield></datafield><datafield ind1=" " ind2=" " tag="338"><subfield code="b">nc</subfield><subfield code="2">rdacarrier</subfield></datafield><datafield ind1=" " ind2=" " tag="500"><subfield code="a">Trad. de: La vie de Lord Byron en Italie</subfield></datafield><datafield ind1=" " ind2=" " tag="504"><subfield code="a">Includes bibliographical references (p. 665-668) and index</subfield></datafield><datafield ind1="1" ind2="7" tag="600"><subfield code="a">Byron, George Gordon Byron</subfield><subfield code="c">baron</subfield><subfield code="d">1788-1824</subfield><subfield code="0">(IDREF)026760746</subfield><subfield code="2">idref</subfield></datafield><datafield ind1="1" ind2="7" tag="600"><subfield code="a">Byron, George G</subfield><subfield code="2">idszbz</subfield></datafield><datafield ind1="1" ind2="0" tag="600"><subfield code="a">Byron, George Gordon Byron</subfield><subfield code="c">Baron</subfield><subfield code="d">1788-1824</subfield><subfield code="x">Homes and haunts</subfield><subfield code="z">Italy</subfield><subfield code="z">Ravenna</subfield></datafield><datafield ind1="1" ind2="0" tag="600"><subfield code="a">Guiccioli, Teresa</subfield><subfield code="c">contessa di</subfield><subfield code="d">1800-1873</subfield></datafield><datafield ind1="1" ind2="7" tag="600"><subfield code="a">Byron, George Gordon</subfield><subfield code="d">1788-1824</subfield><subfield code="x">Biography</subfield><subfield code="z">Italy</subfield><subfield code="2">idszbzes</subfield></datafield><datafield ind1="1" ind2="0" tag="600"><subfield code="a">Byron, George Gordon Byron</subfield><subfield code="c">Baron</subfield><subfield code="d">1788-1824</subfield><subfield code="x">Relations with women</subfield></datafield><datafield ind1=" " ind2="0" tag="650"><subfield code="a">British</subfield><subfield code="z">Italy</subfield><subfield code="z">Ravenna</subfield><subfield code="x">History</subfield><subfield code="y">19th century</subfield></datafield><datafield ind1=" " ind2="0" tag="650"><subfield code="a">Poets, English</subfield><subfield code="x">Homes and haunts</subfield><subfield code="z">Italy</subfield><subfield code="z">Ravenna</subfield></datafield><datafield ind1=" " ind2="0" tag="650"><subfield code="a">Poets, English</subfield><subfield code="y">19th century</subfield><subfield code="v">Biography</subfield></datafield><datafield ind1=" " ind2="0" tag="650"><subfield code="a">Poets, English</subfield><subfield code="y">19th century</subfield><subfield code="x">Biography</subfield></datafield><datafield ind1=" " ind2="7" tag="651"><subfield code="a">Italie</subfield><subfield code="0">(IDREF)027235408</subfield><subfield code="2">idref</subfield></datafield><datafield ind1=" " ind2="7" tag="651"><subfield code="a">Italien</subfield><subfield code="2">idszbz</subfield></datafield><datafield ind1=" " ind2="0" tag="651"><subfield code="a">Ravenna (Italy)</subfield><subfield code="v">Biography</subfield></datafield><datafield ind1=" " ind2="0" tag="651"><subfield code="a">Ravenna (Italy)</subfield><subfield code="x">Social life and customs</subfield></datafield><datafield ind1=" " ind2="0" tag="651"><subfield code="a">Ravenna (Italy)</subfield><subfield code="x">Biography</subfield></datafield><datafield ind1=" " ind2="7" tag="655"><subfield code="a">Biographie</subfield><subfield code="0">(IDREF)027281558</subfield><subfield code="2">idref</subfield></datafield><datafield ind1=" " ind2="7" tag="655"><subfield code="a">Biographie</subfield><subfield code="2">idszbz</subfield></datafield><datafield ind1="1" ind2=" " tag="700"><subfield code="a">Rees, Michael</subfield><subfield code="d">1931-</subfield><subfield code="0">(RERO)A013982762</subfield></datafield><datafield ind1="1" ind2=" " tag="700"><subfield code="a">Cochran, Peter</subfield><subfield code="d">1944-....</subfield><subfield code="0">(IDREF)135469813</subfield></datafield><datafield ind1="4" ind2=" " tag="856"><subfield code="3">Titelblatt und Inhaltsverzeichnis</subfield><subfield code="u">https://toc.library.ethz.ch/objects/pdf/z01_978-0-87413-716-3_01.pdf</subfield><subfield code="q">pdf</subfield></datafield><datafield ind1=" " ind2=" " tag="900"><subfield code="a">IDSZ2esmon200506l</subfield><subfield code="c">IDSZ2beda</subfield><subfield code="d">IDSZ2esswk200506b</subfield><subfield code="e">IDSZ2leud</subfield></datafield><datafield ind1=" " ind2=" " tag="900"><subfield code="a">IDSZ2zbzmon200806l</subfield><subfield code="c">IDSZ2meyr</subfield><subfield code="d">IDSZ2zbzswk200806b</subfield><subfield code="e">IDSZ2stor</subfield></datafield><datafield ind1=" " ind2=" " tag="911"><subfield code="a">100</subfield><subfield code="a">Guiccioli, Teresa</subfield><subfield code="c">contessa di</subfield><subfield code="d">1800-1873</subfield></datafield><datafield ind1=" " ind2=" " tag="911"><subfield code="a">700</subfield><subfield code="a">Cochran, Peter</subfield><subfield code="d">1944-</subfield></datafield><datafield ind1=" " ind2=" " tag="949"><subfield code="a">https://toc.library.ethz.ch/objects/pdf/z01_978-0-87413-716-3_01.pdf</subfield></datafield></record>
</metadata></record>