<record><header><identifier>oai:alma.41SLSP_UGE:991000803199705502</identifier><datestamp>2024-09-13T00:16:55Z</datestamp><setSpec>uge_bcen_RapidILL_BOOK</setSpec><setSpec>uge_aaca_RapidILL_BOOK</setSpec><setSpec>uge_abels_RapidILL_BOOK</setSpec><setSpec>uge_dbu_RapidILL_BOOK</setSpec><setSpec>uge_cmu_RapidILL_BOOK</setSpec><setSpec>uge_mail_RapidILL_BOOK</setSpec><setSpec>uge_abbat_RapidILL_BOOK</setSpec><setSpec>UNIGE_ALL</setSpec><setSpec>uge_aobs_RapidILL_BOOK</setSpec><setSpec>uge_acar_RapidILL_BOOK</setSpec></header><metadata>
<record xmlns="http://www.loc.gov/MARC21/slim" xmlns:xsi="http://www.w3.org/2001/XMLSchema-instance" xsi:schemaLocation="http://www.loc.gov/MARC21/slim http://www.loc.gov/standards/marcxml/schema/MARC21slim.xsd"><leader>01428nam a2200361 c 4500</leader><controlfield tag="001">991000803199705502</controlfield><controlfield tag="005">20240912195144.0</controlfield><controlfield tag="008">201011s1999    sp ||||| |||| 00| ||spa d</controlfield><datafield ind1=" " ind2=" " tag="020"><subfield code="a">8495215004</subfield><subfield code="q">Obra completa</subfield></datafield><datafield ind1=" " ind2=" " tag="020"><subfield code="a">8495215012</subfield><subfield code="q">Tomo 1</subfield></datafield><datafield ind1=" " ind2=" " tag="020"><subfield code="a">8495215020</subfield><subfield code="q">Tomo 2</subfield></datafield><datafield ind1=" " ind2=" " tag="035"><subfield code="a">(swissbib)220174717-41slsp_network</subfield></datafield><datafield ind1=" " ind2=" " tag="035"><subfield code="a">220174717</subfield><subfield code="9">ExL</subfield></datafield><datafield ind1=" " ind2=" " tag="035"><subfield code="a">(RERO)R003156755-41slsp</subfield></datafield><datafield ind1=" " ind2=" " tag="035"><subfield code="a">(IDSBB)004326135DSV01</subfield></datafield><datafield ind1=" " ind2=" " tag="035"><subfield code="a">(EXLNZ-41SLSP_NETWORK)991073287249705501</subfield></datafield><datafield ind1=" " ind2=" " tag="040"><subfield code="a">RERO geueti</subfield><subfield code="d">CH-ZuSLS</subfield></datafield><datafield ind1=" " ind2="7" tag="072"><subfield code="a">es</subfield><subfield code="2">rero</subfield></datafield><datafield ind1=" " ind2=" " tag="084"><subfield code="a">IM 2700</subfield><subfield code="2">rvk</subfield></datafield><datafield ind1="0" ind2="0" tag="245"><subfield code="a">&lt;&lt;La&gt;&gt; lengua y los medios de comunicación</subfield><subfield code="b">actas del congreso internacional celebrado en la Universidad Complutense de Madrid en 1996</subfield><subfield code="c">Joaquín Garrido Medina (ed.)</subfield></datafield><datafield ind1=" " ind2="1" tag="264"><subfield code="a">Madrid</subfield><subfield code="b">Universidad Complutense de Madrid</subfield><subfield code="c">1999</subfield></datafield><datafield ind1=" " ind2=" " tag="300"><subfield code="a">2 vol.</subfield><subfield code="c">24 cm</subfield></datafield><datafield ind1=" " ind2=" " tag="336"><subfield code="b">txt</subfield><subfield code="2">rdacontent</subfield></datafield><datafield ind1=" " ind2=" " tag="337"><subfield code="b">n</subfield><subfield code="2">rdamedia</subfield></datafield><datafield ind1=" " ind2=" " tag="338"><subfield code="b">nc</subfield><subfield code="2">rdacarrier</subfield></datafield><datafield ind1=" " ind2="7" tag="650"><subfield code="a">Médias</subfield><subfield code="0">(IDREF)027237524</subfield><subfield code="2">idref</subfield></datafield><datafield ind1=" " ind2="7" tag="650"><subfield code="a">Espagnol (langue)</subfield><subfield code="0">(IDREF)027224430</subfield><subfield code="2">idref</subfield></datafield><datafield ind1=" " ind2="7" tag="650"><subfield code="a">communication de masse</subfield><subfield code="0">(RERO)A009977595</subfield><subfield code="2">rerovoc</subfield></datafield><datafield ind1=" " ind2="7" tag="655"><subfield code="a">Actes de congrès</subfield><subfield code="0">(IDREF)02886431X</subfield><subfield code="2">idref</subfield></datafield><datafield ind1=" " ind2="7" tag="655"><subfield code="a">Konferenzschrift</subfield><subfield code="z">Madrid</subfield><subfield code="y">1996</subfield><subfield code="2">gnd-content</subfield></datafield><datafield ind1="1" ind2=" " tag="700"><subfield code="a">Garrido Medina, Joaquín</subfield><subfield code="0">(IDREF)030554721</subfield></datafield><datafield ind1="2" ind2=" " tag="710"><subfield code="a">Universidad Complutense de Madrid</subfield><subfield code="0">(DE-588)25995-0</subfield></datafield><datafield ind1="2" ind2=" " tag="710"><subfield code="a">Universidad Complutense de Madrid</subfield><subfield code="b">Congreso internacional</subfield><subfield code="d">1996</subfield><subfield code="c">Madrid</subfield><subfield code="0">(RERO)A012529113</subfield></datafield><datafield ind1=" " ind2=" " tag="900"><subfield code="a">REROnoselfmerge</subfield></datafield></record>
</metadata></record>