<record><header><identifier>oai:alma.41SLSP_UGE:991000802919705502</identifier><datestamp>2023-03-01T01:10:19Z</datestamp><setSpec>uge_bcen_RapidILL_BOOK</setSpec><setSpec>uge_aaca_RapidILL_BOOK</setSpec><setSpec>uge_abels_RapidILL_BOOK</setSpec><setSpec>uge_dbu_RapidILL_BOOK</setSpec><setSpec>uge_cmu_RapidILL_BOOK</setSpec><setSpec>uge_mail_RapidILL_BOOK</setSpec><setSpec>UNIGE_ALL</setSpec><setSpec>uge_abbat_RapidILL_BOOK</setSpec><setSpec>uge_acar_RapidILL_BOOK</setSpec><setSpec>uge_aobs_RapidILL_BOOK</setSpec></header><metadata>
<record xmlns="http://www.loc.gov/MARC21/slim" xmlns:xsi="http://www.w3.org/2001/XMLSchema-instance" xsi:schemaLocation="http://www.loc.gov/MARC21/slim http://www.loc.gov/standards/marcxml/schema/MARC21slim.xsd"><leader>01597nam a2200469 c 4500</leader><controlfield tag="001">991000802919705502</controlfield><controlfield tag="005">20230205213423.0</controlfield><controlfield tag="008">201012s1991    fr ||||| |||| 00| ||fre d</controlfield><datafield ind1=" " ind2=" " tag="019"><subfield code="a">Konvertierte Aufnahme MfK/PTT</subfield><subfield code="5">IDSBB/B429/2011</subfield></datafield><datafield ind1=" " ind2=" " tag="020"><subfield code="a">2862603287</subfield></datafield><datafield ind1=" " ind2=" " tag="035"><subfield code="a">(swissbib)236690701-41slsp_network</subfield></datafield><datafield ind1=" " ind2=" " tag="035"><subfield code="a">236690701</subfield><subfield code="9">ExL</subfield></datafield><datafield ind1=" " ind2=" " tag="035"><subfield code="a">(RERO)1370152-41slsp</subfield></datafield><datafield ind1=" " ind2=" " tag="035"><subfield code="a">(IDSBB)000789197DSV01</subfield></datafield><datafield ind1=" " ind2=" " tag="035"><subfield code="a">(IDSBB)005864221DSV01</subfield></datafield><datafield ind1=" " ind2=" " tag="035"><subfield code="a">(EXLNZ-41SLSP_NETWORK)991003801649705501</subfield></datafield><datafield ind1=" " ind2=" " tag="040"><subfield code="a">RERO labcud</subfield><subfield code="d">CH-ZuSLS</subfield></datafield><datafield ind1=" " ind2="7" tag="072"><subfield code="a">bt</subfield><subfield code="2">rero</subfield></datafield><datafield ind1=" " ind2="7" tag="072"><subfield code="a">bb</subfield><subfield code="2">SzZuIDS BS/BE</subfield></datafield><datafield ind1="1" ind2="4" tag="082"><subfield code="a">020</subfield><subfield code="2">15</subfield></datafield><datafield ind1=" " ind2=" " tag="084"><subfield code="a">A 8 g</subfield><subfield code="2">cjurrom</subfield></datafield><datafield ind1="1" ind2=" " tag="100"><subfield code="a">Figuier, Richard</subfield><subfield code="6">880-01</subfield></datafield><datafield ind1="1" ind2=" " tag="880"><subfield code="6">100-01</subfield><subfield code="a">Figuier, Richard</subfield><subfield code="d">19..-....</subfield><subfield code="0">(IDREF)059524308</subfield></datafield><datafield ind1="1" ind2="0" tag="245"><subfield code="a">&lt;&lt;La&gt;&gt; bibliothèque</subfield><subfield code="b">[miroir de l'âme, mémoire du monde]</subfield><subfield code="c">dir. par Richard Figuier</subfield></datafield><datafield ind1=" " ind2="1" tag="264"><subfield code="a">Paris</subfield><subfield code="b">Autrement</subfield><subfield code="c">1991</subfield></datafield><datafield ind1=" " ind2=" " tag="300"><subfield code="a">229 p.</subfield><subfield code="b">bibl.</subfield><subfield code="c">25 cm</subfield></datafield><datafield ind1=" " ind2=" " tag="336"><subfield code="b">txt</subfield><subfield code="2">rdacontent</subfield></datafield><datafield ind1=" " ind2=" " tag="337"><subfield code="b">n</subfield><subfield code="2">rdamedia</subfield></datafield><datafield ind1=" " ind2=" " tag="338"><subfield code="b">nc</subfield><subfield code="2">rdacarrier</subfield></datafield><datafield ind1="1" ind2=" " tag="490"><subfield code="a">Autrement. Série mutations</subfield><subfield code="v">no 121</subfield></datafield><datafield ind1=" " ind2=" " tag="520"><subfield code="a">Histoire, rôle et tâches des bibliothèques ; antiquité ; France.</subfield><subfield code="5">IDSBB/B429</subfield></datafield><datafield ind1=" " ind2="4" tag="648"><subfield code="a">Geschichte</subfield></datafield><datafield ind1=" " ind2="7" tag="650"><subfield code="a">Bibliothèques</subfield><subfield code="0">(IDREF)027229424</subfield><subfield code="2">idref</subfield></datafield><datafield ind1=" " ind2="7" tag="650"><subfield code="a">Bibliothek</subfield><subfield code="2">idsbb</subfield></datafield><datafield ind1=" " ind2="4" tag="650"><subfield code="a">Bibliothek</subfield></datafield><datafield ind1=" " ind2="4" tag="650"><subfield code="a">Buch</subfield></datafield><datafield ind1=" " ind2="4" tag="650"><subfield code="a">Technischer Fortschritt</subfield></datafield><datafield ind1=" " ind2="7" tag="655"><subfield code="a">[Études diverses]</subfield><subfield code="0">(RERO)A022249905</subfield><subfield code="2">rero</subfield></datafield><datafield ind1=" " ind2="4" tag="655"><subfield code="a">Aufsatzsammlung</subfield></datafield><datafield ind1=" " ind2=" " tag="830"><subfield code="a">Autrement</subfield><subfield code="p">Série Mutations</subfield><subfield code="v">121</subfield><subfield code="w">(RERO)0439135-41slsp</subfield></datafield><datafield ind1=" " ind2=" " tag="830"><subfield code="a">Mutations</subfield><subfield code="v">121</subfield><subfield code="w">(IDSBB)000447402DSV01</subfield></datafield><datafield ind1=" " ind2=" " tag="900"><subfield code="a">REROnoselfmerge</subfield></datafield><datafield ind1=" " ind2=" " tag="900"><subfield code="a">IDSBBnoselfmerge</subfield></datafield></record>
</metadata></record>