<record><header><identifier>oai:alma.41SLSP_UGE:991000803229705502</identifier><datestamp>2023-03-01T01:10:19Z</datestamp><setSpec>uge_bcen_RapidILL_BOOK</setSpec><setSpec>uge_aaca_RapidILL_BOOK</setSpec><setSpec>uge_abels_RapidILL_BOOK</setSpec><setSpec>uge_dbu_RapidILL_BOOK</setSpec><setSpec>uge_cmu_RapidILL_BOOK</setSpec><setSpec>uge_mail_RapidILL_BOOK</setSpec><setSpec>UNIGE_ALL</setSpec><setSpec>uge_abbat_RapidILL_BOOK</setSpec><setSpec>uge_aobs_RapidILL_BOOK</setSpec><setSpec>uge_acar_RapidILL_BOOK</setSpec></header><metadata>
<record xmlns="http://www.loc.gov/MARC21/slim" xmlns:xsi="http://www.w3.org/2001/XMLSchema-instance" xsi:schemaLocation="http://www.loc.gov/MARC21/slim http://www.loc.gov/standards/marcxml/schema/MARC21slim.xsd"><leader>01326nam a2200313 c 4500</leader><controlfield tag="001">991000803229705502</controlfield><controlfield tag="005">20211130221914.0</controlfield><controlfield tag="008">901212r19721546fr ||||| |||| 00| ||fre d</controlfield><datafield ind1=" " ind2=" " tag="035"><subfield code="a">(swissbib)085183504-41slsp_network</subfield></datafield><datafield ind1=" " ind2=" " tag="035"><subfield code="a">085183504</subfield><subfield code="9">ExL</subfield></datafield><datafield ind1=" " ind2=" " tag="035"><subfield code="a">(RERO)1320535-41slsp</subfield></datafield><datafield ind1=" " ind2=" " tag="035"><subfield code="a">(EXLNZ-41SLSP_NETWORK)991068235219705501</subfield></datafield><datafield ind1=" " ind2=" " tag="040"><subfield code="a">RERO geucmu</subfield><subfield code="d">CH-ZuSLS</subfield></datafield><datafield ind1=" " ind2="7" tag="072"><subfield code="a">me</subfield><subfield code="2">rero</subfield></datafield><datafield ind1="1" ind2=" " tag="100"><subfield code="a">Estienne, Charles</subfield><subfield code="d">1504?-1564</subfield><subfield code="0">(IDREF)030800579</subfield><subfield code="4">cre</subfield></datafield><datafield ind1="1" ind2="0" tag="245"><subfield code="a">&lt;&lt;La&gt;&gt; dissection des parties du corps humain</subfield><subfield code="b">réimpression de l'édition parue en 1546 chez Simon de Colines</subfield><subfield code="c">Charles Estienne. Précédé d'une étude L'oeuvre de Charles Estienne et l'école anatomique parisienne / de Pierre Huard et Mirko Drazen Grmek ; préface de G. Cordier</subfield></datafield><datafield ind1=" " ind2="1" tag="264"><subfield code="a">Paris</subfield><subfield code="b">Azoulay</subfield><subfield code="c">1972</subfield></datafield><datafield ind1=" " ind2=" " tag="300"><subfield code="a">[17], 405 p.</subfield><subfield code="b">ill.</subfield><subfield code="c">37 cm</subfield></datafield><datafield ind1=" " ind2=" " tag="336"><subfield code="b">txt</subfield><subfield code="2">rdacontent</subfield></datafield><datafield ind1=" " ind2=" " tag="337"><subfield code="b">n</subfield><subfield code="2">rdamedia</subfield></datafield><datafield ind1=" " ind2=" " tag="338"><subfield code="b">nc</subfield><subfield code="2">rdacarrier</subfield></datafield><datafield ind1=" " ind2=" " tag="534"><subfield code="p">Reprod. de l'éd. de:</subfield><subfield code="c">Simon de Colines, 1546</subfield></datafield><datafield ind1=" " ind2="2" tag="650"><subfield code="a">Anatomy</subfield></datafield><datafield ind1=" " ind2="2" tag="650"><subfield code="a">Dissection</subfield></datafield><datafield ind1="1" ind2="2" tag="700"><subfield code="a">Huard, Pierre</subfield><subfield code="t">&lt;&lt;L'&gt;&gt;oeuvre de Charles Estienne et l'école anatomique parisienne</subfield></datafield><datafield ind1="1" ind2="2" tag="700"><subfield code="a">Grmek, Mirko Dražen</subfield><subfield code="t">&lt;&lt;L'&gt;&gt;oeuvre de Charles Estienne et l'école anatomique parisienne</subfield></datafield><datafield ind1="1" ind2=" " tag="700"><subfield code="a">Cordier, Gaston</subfield><subfield code="0">(RERO)A003135210</subfield></datafield><datafield ind1="1" ind2=" " tag="700"><subfield code="a">Huard, Pierre</subfield></datafield><datafield ind1="1" ind2=" " tag="700"><subfield code="a">Grmek, Mirko Dražen</subfield></datafield><datafield ind1=" " ind2=" " tag="900"><subfield code="a">REROnoselfmerge</subfield></datafield></record>
</metadata></record>